2975 5209
1444 516 1525 583 31

671 628 702 657 f.

448 711 742 799 quicquid
794 713 954 777 enim
1006 697 1384 778 cruciatuum
1431 714 1495 777 in
1545 734 1759 778 amore
1812 714 2213 800 experiuntur
2262 716 2394 800 alii,
2446 715 2511 780 id

446 856 568 919 ego
640 834 771 899 fere
835 835 896 897 in
967 834 1254 899 amicitia.
1353 832 1609 898 Vtinam
1673 833 1875 897 simile
1926 833 2221 921 quiddam
2282 841 2344 899 et
2393 836 2513 922 ipsi

449 954 754 1019 sentiant!
834 952 1061 1018 Omnia
1109 954 1209 1017 hic
1260 954 1337 1018 ad
1384 976 1608 1041 pacem
1641 960 1939 1040 vergunt,
1992 955 2168 1039 cujus
2197 956 2515 1042 negotium

451 1075 629 1160 ajunt
675 1073 758 1139 ad
805 1074 1172 1140 umbilicum
1221 1074 1558 1141 adductum
1608 1095 1766 1139 esse.
1840 1073 2055 1140 Nostri
2110 1081 2313 1139 tamen
2350 1075 2513 1140 cives

448 1195 659 1259 nescio
710 1194 857 1281 quid
904 1196 1140 1260 timoris
1193 1195 1361 1259 alunt
1389 1200 1449 1259 et
1488 1194 1896 1281 suspicionis,
1951 1194 2081 1259 sive
2109 1195 2275 1281 quod
2304 1193 2516 1281 gaudii

449 1316 941 1400 magnitudinem
1013 1336 1135 1380 non
1204 1316 1494 1401 capiunt,
1570 1315 1703 1379 sive
1761 1313 1928 1400 quod
1977 1320 2256 1379 metuunt
2304 1336 2381 1379 ne
2430 1314 2511 1379 ab

451 1436 576 1499 hac
598 1456 756 1522 pace
783 1434 1190 1500 excludantur
1214 1435 1513 1520 Hispani:
1558 1432 1812 1498 audiunt
1842 1434 2006 1499 enim
2032 1454 2147 1499 nec
2176 1432 2512 1498 Gaesarem

452 1578 571 1621 nec
640 1555 991 1621 foederatos
1066 1555 1390 1642 Principes
1453 1554 1751 1619 hactenus
1804 1553 2170 1618 adsensisse.
2266 1553 2514 1618 Interea

455 1674 784 1743 Gallorum
834 1676 1142 1741 exercitus
1195 1676 1492 1739 dimidiae
1540 1674 1733 1739 horae
1766 1675 1971 1760 spatio
2009 1675 2086 1738 ab
2122 1662 2277 1738 urbe
2313 1680 2515 1738 castra

451 1796 665 1883 posuit
706 1798 785 1880 ¹):
853 1795 966 1860 sed
1013 1797 1156 1882 plus
1207 1795 1426 1881 quietis
1478 1815 1638 1858 nunc
1686 1794 1864 1858 nobis
1915 1793 2274 1858 conceditur
2323 1813 2513 1881 quam

453 1923 600 1981 ante
621 1916 772 1979 duas
808 1914 1226 2000 septimanaS,
1279 1936 1418 1979 cum
1453 1914 1727 2000 quotidie
1757 1913 1999 1978 levibus
2026 1913 2514 1978 excursiunculis
2588 1926 2596 1934 “

451 2036 674 2099 'manus
723 2042 928 2099 essent
977 2033 1413 2099 conserendae.
1495 2033 1699 2099 Valde
1747 2043 1955 2099 metuo
1990 2055 2068 2097 ne
2102 2034 2266 2118 legio
2305 2040 2511 2099 nostra

452 2154 836 2241 praesidium
909 2154 1196 2219 habitura
1268 2155 1346 2217 sit
1411 2153 1689 2239 Trajecti
1745 2154 1825 2218 ad
1894 2153 2178 2239 Mosam;
2257 2155 2511 2219 mallem

457 2274 737 2360 Trajecti
787 2275 868 2339 ad
916 2273 1247 2359 Rhenum,
1299 2281 1368 2337 ut
1418 2274 1674 2338 vicinior
1707 2274 1823 2339 tibi
1858 2294 2089 2358 essem,
2136 2274 2224 2337 mi
2258 2272 2509 2359 Graevi,

457 2408 522 2461 et
590 2394 804 2459 amicis
871 2395 1155 2481 reliquis,
1234 2400 1417 2479 atque
1467 2388 1681 2458 etiam'
1705 2394 2064 2478 amicabuS,
2143 2394 2308 2480 quod
2357 2414 2515 2479 pace

407 2606 410 2609 ἡ
455 2515 764 2580 Prisciani
812 2515 1095 2579 dixerim.
1193 2513 1395 2595 Vale,
1451 2512 1559 2578 Vir
1608 2514 1981 2598 clarissime,
2044 2520 2105 2579 et
2153 2536 2253 2578 me
2303 2535 2515 2579 amare

405 2610 693 2723 ‘perge,
775 2655 1041 2721 meoque
1076 2725 1080 2731 '
1120 2634 1366 2699 nomine
1444 2634 1709 2698 salutem
1787 2634 2009 2698 nuncia
2082 2633 2514 2727 communibus

459 2756 714 2840 amiciS,
771 2754 1052 2820 Servatio
1101 2754 1424 2841 inprimis,
1479 2760 1664 2841 atque
1716 2754 1951 2841 optimo
2000 2753 2285 2819 Heinsio.
2479 2731 2487 2737 κ

558 2874 870 2939 Montibus
919 2873 1308 2939 Harmoniae.
1380 2876 1467 2938 20
1520 2874 1690 2938 Junii
1738 2872 1849 2939 ΑΟ.
1902 2875 2099 2938 1678.

1292 3006 1703 3037 *sss„WNvaAroe.s-;r

1408 3121 1557 3185 XX.

1116 3270 1307 3334 loanni
1354 3269 1601 3353 Goon-flio
1648 3269 1890 3343 Graevio

1249 3381 1292 3446 l.
1341 3380 1745 3445 Broukhusiua

566 3513 771 3586 Valde
844 3518 1143 3585 sollicitus
1213 3542 1353 3585 sum
1419 3527 1627 3586 utrum
1701 3520 1967 3605 elegiam
2041 3518 2120 3583 ad
2190 3517 2526 3583 Consulem

467 3638 964 3724 Marsevenium,
1019 3660 1204 3726 quam
1259 3661 1454 3725 nuper
1509 3640 1689 3725 misi,
1743 3639 2093 3725 acceperis,
2147 3638 2234 3701 mi
2269 3636 2522 3703 Graevi.

473 3760 635 3825 Cum
693 3759 920 3856 rediret
987 3751 1111 3823 huc
1161 3766 1370 3823 nostra
1419 3759 1782 3851 tabellaria,
1837 3758 2169 3845 sperabam
2203 3778 2323 3822 non
2372 3756 2526 3821 nihil

471 3900 512 3942 a
559 3861 640 3941 ‘te
706 3878 1064 3961 literarum,
1137 3879 1246 3943 sed
1319 3878 1586 3943 fortasse
1635 3900 1746 3965 per
1795 3878 2044 3963 negotia
2094 3876 2526 3963 tutu-quibus

472 3996 608 4061 scio
700 4020 886 4091 quam
966 4000 1228 4063 moleste
1309 3988 1693 4082 distinearis,
1785 3997 2059 4061 nondum
2140 3995 2387 4060 vacavit
2463 4003 2531 4059 ut
2591 4050 2599 4059 .

471 4116 908 4203 responderes
1039 4117 1338 4203 Suspensi
1435 4116 1538 4180 hic
1635 4136 1845 4179 sumus
1944 4112 2365 4178 incertissimis
2454 4112 2594 4202 de·

469 4256 635 4325 pace
717 4236 918 4323 deque
1001 4237 1168 4301 bello
1249 4236 1645 4313 rumoribu8‚
1728 4241 1790 4299 et
1861 4233 2231 4321 quotidianis
2312 4253 2532 4297 excur-

377 4422 385 4426 ,
468 4356 770 4421 siunculis
888 4363 992 4420 aut
1090 4355 1625 4441 impressiunculis
1724 4353 2152 4441 praeludimus
2253 4353 2531 4438 futurae,

577 4524 622 4601 ἵ)
709 4526 856 4585 Dux
902 4525 1282 4604 Luciliburgi
1329 4524 1542 4584 urbem
1588 4542 1729 4583 mox
1775 4521 2128 4582 obsessione
2176 4521 2384 4580 cinxit.
