2975 5209
1513 461 1645 526 156

558 661 735 736 Quae
814 661 970 726 ratio
1036 659 1219 744 fecit,
1297 680 1405 722 cur
1474 659 1699 723 lentius
1769 659 2249 746 progrederetur
2317 678 2497 721 meus
2544 655 2611 720 in

558 781 878 845 Tibullum
927 785 1199 843 conatus.
1300 777 1480 842 Nunc
1529 785 1734 842 tamen
1782 799 1898 863 per
1929 777 2049 842 Dei
2102 777 2178 841 O.
2216 776 2299 841 Μ.
2338 777 2609 841 clemen-

558 901 708 964 tiam
775 899 945 963 haud
1010 898 1097 962 ita
1166 897 1387 983 procul
1457 898 1751 961 absumus
1805 919 1841 960 a
1890 902 2088 982 meta,
2142 918 2262 960 non
2313 894 2611 988 moraturi

553 1018 1018 1106 typographum
1107 1018 1289 1081 simul
1360 1024 1546 1103 atque
1625 1017 1911 1081 ultimam
1981 1038 2231 1080 manum
2304 1013 2613 1100 receperit

552 1145 763 1203 nostra
811 1137 1446 1203 commentatiuncula.
1502 1123 1739 1200 Tamen
1768 1136 1920 1199 nihil
1946 1136 2287 1200 admodum
2313 1135 2403 1199 rei
2425 1153 2609 1220 prae-

554 1259 762 1323 clarae
840 1257 1184 1343 polliceor,
1278 1257 1395 1320 nisi
1492 1256 1659 1342 quod
1752 1257 2015 1320 arbitrer
2095 1276 2197 1320 me
2270 1255 2453 1319 certis
2526 1273 2609 1318 ex

556 1376 839 1442 Historia
900 1376 1186 1440 Romana
1253 1377 1629 1462 argumentis
1680 1376 2062 1461 ostendisse,
2117 1374 2437 1439 Tibullum
2483 1395 2605 1438 non

553 1517 692 1562 esse
761 1501 974 1560 natum
1024 1517 1099 1561 eo
1150 1517 1347 1581 ann0,
1445 1497 1655 1577 Quum
1706 1497 1930 1560 cecidit
1974 1500 2116 1578 fato
2168 1495 2391 1559 consul
2439 1501 2608 1558 uter·

556 1637 674 1702 que
733 1617 896 1699 pari
937 1617 999 1699 ¹),
1075 1612 1185 1679 sed
1257 1615 1488 1679 vicenis
1564 1615 1746 1679 facile
1821 1616 1991 1679 annis
2071 1616 2342 1700 priorem
2390 1614 2602 1679 fuisse.

551 1735 914 1800 Praeiverat
986 1741 1126 1798 ante
1199 1735 1515 1799 saeculum
1537 1785 1556 1817 ,
1624 1741 1685 1799 et
1736 1734 1899 1820 quod
1953 1735 2256 1819 excurrit,
2309 1733 2531 1798 Douza
2553 1734 2604 1818 2)

556 1860 802 1939 noster,
855 1854 967 1918 sed
1013 1855 1120 1918 ille
1168 1856 1231 1918 in
1278 1875 1347 1918 re
1396 1856 1565 1918 clara
1611 1856 1815 1919 nullos
1852 1855 2080 1918 invenit
2112 1860 2489 1938 sectatores,
2526 1875 2605 1917 ne

558 1973 910 2039 Gerardum
985 1974 1234 2060 quidem
1297 1973 1630 2059 Vossium,
1698 1973 2012 2039 hominem
2095 1973 2333 2036 subacti
2403 1973 2464 2035 in
2506 1972 2605 2036 his

553 2093 740 2159 rebus
802 2093 1042 2178 judicii.
1143 2093 1382 2157 Tamen
1441 2092 1558 2156 nisi
1627 2094 1936 2156 calculum
1982 2094 2069 2156 ita
2120 2113 2463 2178 ponamus,
2514 2092 2605 2155 in-

558 2214 800 2279 duimus
851 2233 963 2278 nos
1018 2214 1080 2276 in
1131 2234 1404 2277 errorum
1453 2214 1710 2297 laqueos
1761 2214 1931 2275 nulla
1979 2220 2114 2276 arte
2165 2211 2608 2296 chronologica

557 2332 1004 2398 dissolvendos.
1106 2332 1279 2397 Deus
1341 2331 1469 2416 Te,
1522 2331 1637 2394 Vir
1684 2330 2261 2416 Excellentissime,
2313 2332 2373 2394 in
2424 2332 2606 2395 viridi

553 2453 672 2516 ista
745 2457 805 2516 et
884 2457 1112 2536 vegeta
1183 2456 1496 2515 senectute
1572 2451 2051 2515 clementissime
2129 2458 2456 2514 conservet
2528 2473 2604 2514 ac
2678 2491 2683 2497 -

553 2577 827 2656 tueatur,
883 2571 1044 2634 bono
1095 2570 1352 2656 publico
1395 2570 1615 2634 artium
1658 2569 1997 2651 bonarum,
2048 2570 2418 2634 immensum
2456 2568 2604 2633 Tibi

547 2691 684 2775 jam
780 2711 939 2754 nunc
1012 2689 1400 2774 debentium,
1502 2699 1685 2776 atque
1764 2691 2028 2774 amplius
2108 2690 2295 2754 etiam
2369 2688 2601 2754 debere

555 2810 960 2896 cupientium!
1063 2809 1161 2872 Tu
1210 2830 1356 2874 vero
1405 2831 1537 2895 me,
1598 2811 1651 2872 si
1698 2811 1926 2875 mereri
1963 2800 2262 2893 videbor,
2330 2808 2603 2874 benevo-

553 2929 742 2994 lentia
789 2927 928 2992 Tua
976 2935 1159 3014 atque
1193 2949 1404 2992 amore
1439 2929 1772 3014 complecti
1805 2948 1877 2991 ac
1914 2929 2126 2992 fovere
2150 2950 2363 3014 perge.

647 3047 995 3113 Amstelod.
1023 3049 1084 3112 in
1110 3048 1306 3112 hortis
1332 3048 1729 3133 suburbaniS,
1750 3046 1929 3110 XIII.
1962 3046 2229 3132 August.
2249 3045 2601 3111 MDCOVI.

1656 3212 1787 3228 woe-r-

1405 3311 1766 3378 CXXXIII.

1271 3479 1579 3544 francisco
1625 3481 1880 3545 Hessslio

1292 3590 1462 3654 lanus
1508 3591 1909 3655 BroukhusiuS.

647 3729 892 3794 Literas
967 3735 1138 3814 tuaS,
1217 3730 1304 3792 mi
1370 3729 1653 3814 Hesseli,
1707 3730 1976 3794 reddidit
2022 3732 2175 3795 mihi
2221 3731 2607 3796 Wetstenius

554 3854 796 3934 noster,
848 3861 985 3912 una·
1021 3869 1161 3912 cum
1214 3848 1394 3934 Oda,
1447 3849 1612 3914 bona
1663 3851 1773 3934 (ita
1822 3825 2050 3936 vivam)
2086 3858 2270 3938 atque
2298 3853 2605 3938 elegante.

653 4041 695 4118 ¹)
783 4045 910 4120 III,
958 4045 1028 4119 5,
1075 4064 1159 4103 vs.
1214 4047 1308 4102 18.

644 4130 688 4203 2)
777 4130 971 4188 Janus
1014 4130 1223 4188 Dousa
1266 4130 1761 4206 (1545-1604)‚
1806 4130 2152 4206 Nordovix,
2199 4132 2418 4191 litteris
2462 4150 2607 4210 ope-

553 4233 681 4273 ram
751 4215 917 4274 dedit
981 4216 1237 4273 Lovanii
1297 4220 1482 4290 atque
1526 4215 1752 4289 Duaci,
1798 4216 1911 4274 fuit
1956 4222 2199 4275 curator
2240 4217 2609 4276 Academiae

555 4301 980 4378 Lugdunensis
1028 4307 1210 4376 atque
1257 4301 1459 4357 curiae
1506 4301 1875 4359 Hollandiae
1920 4303 2229 4378 ascriptus.
2318 4304 2426 4361 Vir
2472 4322 2608 4360 eru-

557 4385 880 4445 ditissimus
924 4387 1115 4444 multa
1161 4386 1350 4443 edidit
1396 4404 1596 4461 opera.
1642 4386 1715 4442 A.
1749 4388 1908 4443 1582
1940 4388 2297 4464 prodierunt
2325 4389 2605 4451 Antwer-

553 4472 692 4554 piae
739 4472 1162 4531 Praecidanea
1197 4490 1322 4552 pro
1372 4471 1533 4528 Aulo
1584 4471 1766 4529 Albio
1824 4473 2082 4540 Tibullo.
