2975 5209
1570 508 1659 571 30

674 701 792 765 Illa
842 702 974 766 dies
1024 702 1257 765 utinam
1304 701 1591 767 felicibus
1641 702 1891 767 advolet
1939 704 2055 769 alis
2080 754 2098 791 ,

769 821 907 895 Qua
956 821 1146 887 Clarii
1192 822 1362 887 dicar
1408 844 1554 909 pars
1604 830 2033 910 quotacunque
2083 824 2276 890 chori.

673 940 991 1028 Armaque
1039 941 1422 1028 suspendens
1469 941 1652 1007 Marti
1702 945 1910 1009 votiva
1960 944 2205 1011 Batavo

764 1060 1156 1148 Suspendam
1206 1084 1287 1127 ex
1335 1062 1607 1127 humeris
1652 1064 1893 1149 plectra
1939 1066 2267 1153 lyramque
2321 1068 2498 1131 meis,

668 1180 754 1245 Et
797 1203 900 1245 me
949 1179 1223 1245 Castalio
1271 1181 1595 1271 lustratum
1643 1182 1942 1247 Phoebus
1990 1184 2052 1248 in
2106 1191 2280 1249 antro

762 1301 909 1386 Ipse
956 1300 1350 1365 Philetaeum
1403 1302 1587 1365 ducat
1635 1302 1715 1365 ad
1762 1324 1961 1390 usque
2012 1324 2253 1369 nemus,

666 1420 906 1485 Adsitis
955 1421 1118 1485 Divi.
1171 1421 1378 1485 Pluris
1428 1422 1581 1487 mihi
1628 1423 1827 1487 lectus
1878 1430 1939 1488 et
1985 1425 2251 1510 umbra,
2318 1448 2322 1452 ’

760 1539 1060 1626 Quaeque
1108 1548 1350 1627 premat
1397 1539 1620 1605 nitidas
1672 1542 1882 1606 laurus
1932 1543 2131 1608 odora
2182 1565 2429 1631 comas,

667 1660 870 1733 Quam
916 1661 1118 1747 longis
1143 1662 1357 1725 -titulis
1409 1669 1468 1727 et
1518 1663 1725 1748 opimo
1776 1663 1986 1733 vivere
2037 1684 2261 1750 censu,

756 1781 890 1846 Nec
937 1781 1090 1845 mihi
1136 1802 1251 1846 nec
1297 1780 1491 1845 Musis
1540 1802 1727 1868 posse
1775 1803 2001 1848 vacare
2051 1784 2225 1849 meiS.

665 1899 882 1965 Credis
933 1908 993 1965 et
1039 1901 1194 1986 hoc,
1250 1900 1531 1966 Graevi?
1599 1902 1813 1965 malim
1860 1902 1975 1966 sub
2024 1924 2304 1989 paupere
2352 1910 2517 1969 tecto

759 2018 902 2084 Otia
954 2020 1180 2085 divitiis
1232 2021 1627 2085 anteferenda
1677 2022 1891 2106 sequi,

661 2139 832 2204 Dum
903 2140 1091 2219 modo
1142 2141 1260 2203 sint
1308 2161 1553 2205 mecum
1602 2138 1885 2205 Charites
1936 2148 1997 2205 et
2046 2142 2280 2205 amicus
2327 2140 2567 2228 Apollo
2605 2194 2623 2229 ‚

754 2259 1020 2324 Hostica
1070 2248 1254 2347 quam
1305 2260 1384 2323 ad
1434 2272 1677 2323 nostros
1727 2260 1906 2345 signa
1955 2261 2167 2327 videre
2215 2261 2432 2348 pedeS.

661 2380 936 2467 Imperio
987 2380 1296 2444 exsultent
1344 2379 1465 2443 alii.
1520 2378 1793 2443 Felicior
1836 2381 1943 2445 ille
1993 2387 2085 2444 est

760 2482 880 2573 Qui
928 2500 1119 2586 sapit,
1174 2506 1234 2563 et
1282 2520 1508 2584 magno
1553 2500 1699 2585 plus
1748 2499 1939 2564 habet
1983 2501 2267 2587 imperio.

661 2619 790 2685 Sed
830 2622 965 2706 jam
1017 2620 1348 2685 sententias
1396 2621 1634 2706 loquor.
1718 2618 1971 2683 Manum
2018 2621 2225 2705 potius
2261 2621 2339 2685 de
2376 2621 2615 2686 tabula.

569 2740 870 2805 Francius
944 2748 1004 2804 et
1074 2740 1404 2804 Plumerus
1478 2737 1624 2825 quid
1691 2738 1918 2803 faciant
1990 2739 2148 2804 scire
2219 2740 2628 2825 perlubenter

567 2861 775 2924 velim.
852 2860 1119 2925 Diemne
1169 2881 1349 2923 suum
1399 2859 1714 2943 obierunt,
1768 2880 1844 2922 an
1880 2879 2027 2923 vero
2064 2859 2380 2943 ejurarunt
2414 2860 2624 2923 amici-
2698 2924 2701 2926 Α

569 2980 718 3043 tiam
767 2980 1016 3045 meam?
1091 2978 1236 3043 Jam
1284 3000 1484 3065 paene
1520 2983 1780 3066 quatuor
1806 2984 1945 3042 sunt
1981 2998 2254 3062 menseS‚
2285 2984 2621 3066 postquam

572 3100 723 3164 nihil
794 3101 1113 3165 literarum
1185 3099 1264 3164 ab
1337 3100 1460 3164 illis
1534 3099 1691 3163 vidi:
1769 3098 1989 3185 scripsi
2055 3098 2453 3163 nihilominus
2526 3099 2626 3164 vel

572 3220 780 3285 decies
827 3220 1090 3306 interea,
1150 3220 1291 3283 misi
1344 3226 1406 3285 et
1455 3218 1757 3305 grandem
1789 3218 2259 3283 vernaculorum
2285 3207 2648 3282 carminum
2690 3210 2695 3213 ’

570 3339 934 3404 fasciculum
963 3341 1022 3425 ¹).
1107 3338 1242 3404 Nec
1303 3360 1561 3425 possum
1610 3337 1911 3425 suspicari
1960 3344 2052 3401 tot
2099 3357 2272 3401 meas
2325 3336 2625 3423 epistolas

571 3460 856 3548 periisse,
885 3481 1000 3525 nec
1026 3480 1210 3523 unam
1249 3464 1354 3523 aut
1389 3459 1650 3523 alteram
1680 3458 1900 3522 saltem
1932 3434 2623 3521 Amstelodamumsal·

571 3603 715 3646 vam
746 3579 1124 3667 pervenisse.
1174 3576 1273 3641 Ea
1295 3598 1394 3641 res
1421 3598 1542 3641 non
1576 3582 1780 3664 potest
1808 3576 1928 3640 dici
1956 3582 2253 3663 quantum
2274 3598 2376 3642 me
2398 3581 2620 3662 angat3

671 3749 712 3824 ¹)
800 3750 916 3807 Illa
961 3748 1228 3807 carmina
1269 3747 1519 3826 periisse
1563 3748 1862 3807 videntur.
1951 3749 2131 3807 Anno
2184 3750 2344 3805 1677
2393 3747 2627 3806 Amste-

571 3836 833 3895 laedami
902 3834 1142 3893 libellus
1202 3835 1312 3893 fuit
1360 3834 1589 3907 editm,
1638 3834 1733 3892 cui
1786 3834 2025 3894 titulus:
2104 3833 2430 3891 Gedichten
2492 3833 2626 3891 Van

577 3926 638 3981 J.
707 3942 760 3978 v.
829 3921 1251 3979 Broekhuizen
1297 3938 1368 3978 en
1412 3920 1472 3977 J.
1526 3920 1815 3977 Pluimer.
1907 3918 2091 3977 Liber
2133 3918 2261 3991 ille,
2312 3917 2544 3976 dicatus
2591 3936 2629 3976 a

571 4007 853 4066 Plumero
900 4005 1217 4074 Theodoro
1261 4007 1571 4081 Buyser0‚
1619 4006 1886 4063 continet
1930 4005 2201 4062 carmina
2220 4002 2625 4077 Broukhusii,

573 4111 745 4170 quae
794 4092 1052 4170 legimus
1105 4092 1167 4150 in
1224 4091 1487 4151 editione
1533 4090 1727 4149 altera
1768 4094 2114 4167 poematum
2158 4090 2625 4149 vernaculorum

575 4180 824 4255 (1712),
891 4196 1029 4256 pag.
1103 4171 1326 4235 1-35,
1417 4176 1495 4234 Et
1560 4176 1687 4233 fere
1747 4175 1947 4233 omnia
2009 4175 2276 4233 carmina
2336 4174 2622 4251 Belgica,

575 4282 732 4340 quae
798 4283 850 4322 a.
926 4265 1086 4321 1712
1134 4264 1388 4341 primum
1433 4266 1574 4321 sunt
1619 4260 1813 4336 edita,
1883 4279 2048 4331 anno
2101 4262 2261 4319 1680
2311 4265 2370 4319 et
2415 4263 2629 4337 postea

574 4350 799 4427 scripta
842 4353 1000 4408 sunt.

657 4436 932 4513 Buysero
977 4435 1161 4494 etiam
1206 4452 1243 4492 a
1283 4431 1668 4492 Broukhusio
1716 4435 1808 4491 esi:
1852 4432 2195 4491 celebratus
2244 4430 2345 4507 (cf.
2396 4430 2627 4505 Poem.,

573 4538 711 4599 pag.
763 4522 888 4595 52).
