2975 5209
1568 484 1607 551 2

565 698 793 783 poetae
863 696 1079 757 nostro
1151 688 1413 777 paginas
1487 684 1660 751 dedit
1734 683 2077 748 nonnullas.
2175 680 2423 745 Eodem
2482 678 2613 745 fere

565 822 847 901 tempore
919 833 992 877 ac
1057 808 1536 895 Peerlkampius
1598 804 1713 870 Vir
1760 804 1943 869 Doct.
1996 803 2046 868 Ι.
2100 802 2184 867 Η.
2239 801 2502 867 Hoeufft
2550 807 2612 865 et

567 936 762 1000 multa
832 930 1215 997 Broukhusii
1264 930 1537 994 carmina
1582 947 1771 991 manu
1820 925 2050 1010 scripta
2098 923 2385 1007 collegit,
2440 928 2503 985 et
2548 922 2609 984 in

567 1056 730 1121 libro
799 1054 899 1118 cui
954 1050 1164 1117 titulus
1215 1048 1551 1114 Parnasos
1604 1045 2167 1131 Latino-Belqi-cvs
2214 1045 2253 1128 ¹)
2302 1043 2433 1107 eius
2483 1062 2613 1105 me-

568 1174 829 1241 moriam
879 1180 1136 1237 venusto
1173 1148 1620 1257 epigrammate
1654 1173 2017 1254 prosecutus
2045 1170 2165 1249 est,
2213 1164 2359 1228 dum
2390 1162 2615 1225 abhinc

565 1314 801 1381 paucos
862 1313 1053 1357 annos
1100 1290 1215 1354 Vir
1265 1289 1428 1354 Clar.
1483 1288 1568 1353 H.
1620 1284 1696 1351 E.
1750 1286 2014 1351 Moltzer
2046 1287 2091 1367 π)
2143 1284 2454 1368 omnium,
2508 1282 2613 1370 qui

567 1414 789 1479 litteris
859 1412 1136 1497 Belgicis
1210 1430 1467 1497 operam
1547 1408 1730 1493 dant,
1808 1406 2081 1471 animum
2151 1424 2335 1491 atque
2400 1402 2614 1469 oculos

570 1532 872 1598 convertit
941 1532 1018 1596 ad
1078 1528 1459 1595 Broukhusii
1527 1533 1821 1617 poemata
1869 1500 2201 1593 vernacula
2250 1531 2311 1589 et
2359 1524 2615 1591 demon-

571 1653 788 1719 stravit
857 1673 933 1718 ea
980 1651 1137 1716 inter
1187 1649 1422 1738 optima
1470 1648 1637 1713 illius
1686 1647 1983 1735 temporis
2034 1647 2308 1712 carmina
2354 1646 2617 1733 Belgica

555 1794 709 1845 ‚esse
757 1770 1065 1836 habenda.

665 1891 951 1981 Apparet
981 1890 1169 1977 igitur
1200 1888 1584 1955 Broukhusii
1616 1889 1983 1954 memoriam
2017 1886 2205 1953 hodie
2235 1909 2354 1953 non
2384 1893 2617 1952 tantum

572 2033 690 2076 non
765 2008 1022 2099 prorsus
1093 2010 1434 2095 interiisse,
1520 2008 1631 2075 sed
1696 2014 1921 2096 poetae
1989 2008 2268 2075 debitum
2318 2008 2619 2074 honorem

507 2162 512 2165 ·
572 2131 777 2195 tribui.
881 2130 963 2195 Et
1010 2129 1290 2218 profecto
1343 2131 1434 2194 vir
1480 2130 1587 2194 ille
1640 2130 1743 2217 qui
1793 2129 2087 2195 excelluit
2134 2130 2194 2193 in
2245 2128 2617 2193 carminibus

573 2257 632 2316 et
679 2244 918 2315 Latinis
969 2255 1030 2315 et
1063 2249 1406 2315 vernaculis
1441 2249 1924 2336 componendis,
1977 2249 2082 2336 qui
2115 2271 2253 2314 cum
2280 2269 2614 2335 numquam

569 2370 632 2435 in
681 2367 1028 2433 Academia
1075 2368 1344 2455 quadam
1395 2350 1598 2433 otiose·
1642 2375 1703 2433 et
1750 2369 1956 2455 quiete
2002 2369 2222 2434 studiis
2270 2390 2338 2434 se
2370 2368 2615 2434 tradere

573 2490 869 2577 potuerit,
922 2489 1033 2554 sed
1085 2510 1199 2575 per
1247 2509 1538 2574 magnam
1594 2489 1754 2553 vitae
1801 2496 2043 2577 partem
2096 2489 2157 2552 in
2204 2487 2610 2576 expeditioni-

573 2610 691 2675 bus
757 2609 1124 2675 militaribus
1181 2609 1305 2673 huc
1351 2609 1501 2673 illuc
1547 2592 1809 2675 iactatus
1860 2609 1985 2694 sit,
2062 2608 2364 2675 sermonis
2412 2609 2620 2675 Latini

573 2736 702 2793 tam
777 2729 1010 2816 peritus
1083 2729 1279 2793 evasit
1350 2736 1412 2795 et
1480 2730 1542 2793 in
1611 2729 1829 2794 litteris
1894 2730 2156 2817 antiquis
2204 2732 2293 2795 ita
2341 2738 2619 2795 versatus

572 2849 724 2927 fuit,
777 2856 842 2912 ut
889 2848 1286 2935 Propertium
1321 2857 1380 2914 et
1421 2848 1741 2915 Tibullum
1773 2850 1957 2914 edere
1983 2851 2289 2937 potuerit,
2343 2822 2619 2915 maxima

574 2967 764 3033 laude
782 2966 1003 3054 dignus
1027 2989 1164 3032 esse
1187 2967 1447 3053 videtur,
1477 2989 1660 3055 quem
1681 2976 1741 3033 et
1760 2968 2236 3055 Peerlkampius
2249 2972 2297 3055 3)
2326 2975 2616 3056 „poetam

576 3088 767 3153 fuisse
814 3088 945 3152 fere
993 3086 1379 3174 perfectum”
1403 3088 1632 3173 statuit,
1669 3096 1730 3153 et
1752 3088 2064 3154 Lucienus
2089 3089 2411 3175 Mueller-⁴)
2455 3090 2621 3173 „Ba-

680 3296 721 3373 ¹)
771 3298 912 3358 Sive
945 3302 1235 3379 plerique
1281 3320 1309 3359 e
1343 3303 1549 3378 poetis
1595 3301 1798 3380 Be19ii
1842 3302 2125 3377 Latinis,
2186 3305 2621 3380 epiyrammate

581 3391 764 3462 atque
829 3387 1226 3445 adnotatione
1291 3388 1621 3445 illustrati.
1692 3389 1887 3446 Amat.
1960 3396 2014 3447 et
2080 3388 2357 3463 Bredae,
2425 3391 2617 3463 1819,

579 3489 736 3549 pag.·
772 3472 923 3528 193:

731 3554 1161 3632 ‚nssrouchush
1204 3556 1432 3633 pariter
1475 3557 1785 3615 Musarum
1831 3564 1891 3617 et
1934 3558 2144 3617 Martis
2189 3558 2463 3634 alumne,

836 3640 1046 3700 Fortia
1090 3640 1253 3699 facta
1295 3660 1552 3716 canens,
1600 3642 1783 3702 fortia
1827 3644 1991 3703 facta
2034 3662 2285 3722 gerens3

751 3725 1023 3785 Stamina
1065 3725 1394 3785 Parcarum
1439 3728 1488 3785 si
1534 3728 1853 3805 quisquam
1897 3728 2142 3787 vincere
2187 3730 2437 3807 dignus,

839 3810 1112 3869 Stamina
1152 3810 1479 3871 Parcarum
1525 3813 1767 3871 vincere
1812 3814 2029 3891 dignus
2075 3833 2239 3887 eras,

750 3896 834 3955 Vt
877 3896 1035 3956 foret
1080 3900 1140 3955 et
1182 3915 1462 3957 numeros
1509 3898 1663 3960 vatis
1709 3898 1811 3974 qui
1855 3899 2133 3958 redderet
2177 3898 2423 3973 Vmbri,

835 3980 1141 4041 Redderet
1183 3983 1542 4042 Hooftiacae
1588 3984 1855 4043 mascula
1899 3988 1960 4043 et
2004 4002 2141 4043 orsa
2185 3984 2411 4060 lyrae.’'

668 4068 714 4141 ²)
773 4066 862 4125 cf.
915 4066 1175 4127 Studien
1221 4087 1290 4127 en
1337 4069 1619 4127 Schetsen
1669 4088 1788 4127 van
1836 4070 2331 4129 Nederlandsche
2377 4069 2619 4127 Letter-

583 4152 794 4269 kunde.
843 4152 1160 4211 Haarlem.
1211 4154 1305 4212 De
1339 4154 1547 4212 Erven
1572 4154 1643 4212 F.
1673 4154 1881 4230 Bolon,
1934 4157 2130 4230 1881,
2177 4174 2314 4232 pag.
2346 4156 2446 4229 53,
2491 4172 2618 4231 sqq.

700 4238 723 4311 )
772 4237 841 4294 L.
889 4237 962 4310 l.,
1006 4256 1145 4315 pag.
1196 4240 1339 4298 456.

672 4319 722 4396 4)
767 4322 840 4379 In
883 4323 1271 4383 Praefatione
1304 4323 1377 4382 ad
1410 4323 1746 4396 Tibullum,
1792 4343 1931 4401 pag.
1965 4324 2116 4382 XIV
2148 4324 2341 4401 (videt
2390 4325 2625 4383 Catulli

594 4407 825 4465 Tibulli
848 4408 1166 4484 Propertii
1188 4408 1483 4468 Carmina
1502 4454 1515 4465 .
1537 4452 1549 4465 .
1570 4453 1582 4466 .
1605 4453 1617 4466 .
1667 4409 1925 4486 Lipsiae
1948 4411 2012 4467 in
2039 4410 2291 4471 aedibus
2327 4410 2627 4468 Teubneri
2714 4402 2719 4407 ’

579 4491 1076 4569 Mnoccnxx).
