2975 5209
1565 499 1695 562 100

597 694 697 758 cui
760 693 933 756 illam
994 692 1327 778 legendam
1377 691 1541 758 dedi.
1643 693 2002 761 Incredibili
2052 715 2299 782 quoque
2350 715 2492 760 cum
2550 717 2665 783 ap-

599 813 859 900 plausu,
912 811 1014 876 hic
1051 812 1132 876 ab
1183 811 1419 877 Huetio
1457 815 1531 898 ¹),
1584 812 1873 899 Menagio
1907 816 1979 898 ²),
2030 812 2310 879 Santolio
2340 817 2410 900 ³),
2464 814 2666 880 Pere-

599 932 691 996 rio
725 933 795 1016 4),
849 939 911 996 et
958 931 1108 996 olim
1155 930 1400 1016 Petito,
1455 933 1716 1020 aliisque
1765 933 2013 999 Phoebi
2048 936 2352 1020 alumniS,
2414 957 2671 1022 semper

599 1052 832 1139 recepti
901 1051 1150 1116 fuerunt
1199 1073 1356 1138 quos
1408 1053 1560 1116 mihi
1613 1075 1830 1119 versus
1860 1035 1919 1117 'a
1968 1053 2061 1118 Te
2112 1055 2277 1118 misit
2326 1055 2664 1141 aliquando

601 1179 810 1238 noster
855 1171 1304 1245 Munckerus.“
1364 1223 1376 1235 .

681 1291 854 1380 ,Lutz
909 1292 1062 1355 Par:
1115 1291 1277 1357 XIII
1323 1291 1464 1356 Kal.
1507 1291 1825 1378 Septemb.
1872 1289 2538 1358 CIOIOOLXXXIIX
2580 1295 2653 1377 ⁵).

1429 1439 1561 1454 Μ

1455 1555 1823 1620 LXXXIII.

1251 1697 1441 1760 loanni
1489 1697 1735 1781 Georqio
1782 1699 2025 1764 Graevlo

1338 1808 1507 1872 lanus
1552 1810 1956 1875 Broukhusius.

708 1947 846 2012 Etsi
917 1948 1068 2012 nihil
1143 1957 1234 2012 est
1293 1970 1673 2035 magnopere
1725 1950 1891 2036 quod
1946 1950 2021 2013 ad
2074 1958 2134 2014 te
2184 1948 2666 2036 scribam‚·Vir

617 2066 1006 2154 Clarissimo,
1075 2077 1255 2154 pater
1322 2069 1803 2154 jucundissime,
1859 2071 2028 2134 nolui
2076 2081 2281 2134 tamen
2334 2069 2495 2133 hunc
2546 2069 2663 2132 ho-

617 2187 845 2252 minem
896 2209 1105 2252 meum
1153 2187 1233 2251 ad
1282 2209 1396 2253 vos
1448 2187 1755 2253 dimittere
1805 2189 1935 2253 sine
1986 2190 2191 2276 aliquo
2244 2211 2383 2254 meo
2435 2191 2671 2278 episto-

617 2309 744 2393 lio,
819 2315 949 2372 tum
1020 2319 1086 2371 ut
1157 2305 1401 2372 rediens
1474 2329 1577 2372 me
1653 2310 1983 2374 certiorem
2059 2309 2251 2374 faciat
2314 2310 2392 2374 de
2442 2316 2548 2373 tua
2597 2330 2674 2373 ac
2754 2321 2765 2332 “

619 2434 863 2492 tuorum
935 2427 1324 2511 valetudine,
1402 2436 1534 2490 tum
1594 2441 1658 2490 ut
1731 2449 1845 2513 ego
1918 2428 2122 2492 fausta
2171 2428 2283 2492 tibi
2333 2429 2541 2492 omnia
2590 2449 2667 2492 ac

619 2547 825 2613 felicia
889 2569 1252 2634 comprecer
1317 2549 1488 2612 novis
1554 2548 1816 2612 ineuntis
1876 2549 2018 2612 anni
2066 2549 2376 2634 auspiciis.
2477 2547 2669 2612 Faxit

617 2666 723 2732 ille
786 2667 962 2732 Deus
1023 2675 1090 2730 ut
1137 2667 1433 2732 inoffenso
1484 2666 1649 2752 pede
1698 2667 1991 2731 decurras
2043 2667 2208 2753 quod
2256 2675 2453 2732 restat
2498 2668 2671 2732 vitae

623 2807 890 2873 aequor,
968 2795 1154 2873 utque
1227 2786 1332 2850 diu
1404 2806 1478 2850 ac
1550 2786 1875 2872 tranquille
1946 2787 2168 2851 fruaris
2224 2787 2671 2852 immortalium

621 2907 907 2970 laborum
981 2914 1222 2970 tuorum
1282 2905 1515 2991 gloria,
1570 2926 1831 2992 quorum
1879 2905 2111 2971 fructus
2162 2905 2241 2970 ad
2290 2927 2405 2970 nos
2457 2926 2677 2970 omnes

623 3025 784 3090 redit
840 3033 1138 3113 quotquot
1185 3026 1392 3089 literas
1443 3045 1517 3088 ac
1568 3025 1852 3088 virtutem
1902 3045 2240 3089 amamus.
2300 3025 2675 3090 Petronium

724 3220 764 3297 ¹)
830 3223 1045 3281 Petrus
1087 3221 1304 3279 Daniel
1352 3221 1613 3279 Huetius
1660 3223 2153 3296 (1630-1721),
2199 3227 2378 3280 natus
2404 3221 2675 3296 Cadomi‚

626 3309 861 3367 visebat
913 3307 1305 3366 Hollandiam
1359 3313 1543 3382 atque
1602 3307 1908 3381 sueciam,
1956 3308 2209 3367 curabat
2254 3307 2549 3366 editiones
2595 3307 2671 3366 ad

626 3413 798 3452 usum
855 3393 1172 3470 Delphini,
1234 3391 1500 3450 condidit
1542 3391 1930 3449 Academiam
1973 3393 2036 3450 in
2081 3393 2232 3451 urbe
2275 3394 2507 3471 patria,
2560 3393 2681 3452 fuit

628 3480 820 3538 abbas
849 3485 1033 3555 atque
1065 3478 1396 3555 episcopm,
1433 3482 1493 3535 et
1526 3477 1717 3536 edidit
1747 3478 2048 3554 permulta
2077 3496 2263 3556 opera
2291 3479 2671 3557 theologica,

628 3565 1078 3642 philosophica,
1123 3563 1527 3640 philologica,
1574 3564 1829 3640 poetica.

718 3652 762 3723 2)
849 3649 1143 3726 Aegidius
1188 3648 1507 3725 Menagius
1554 3649 2059 3724 (1613-1692),
2105 3649 2346 3724 Gallus,
2392 3649 2679 3708 Lutetiae

631 3734 914 3794 studebat
979 3734 1267 3792 scientiae
1326 3734 1529 3808 legum
1576 3739 1637 3793 et
1679 3734 1825 3791 iuris
1867 3733 2261 3810 peritissimus
2293 3734 2423 3794 fuit.
2471 3735 2680 3795 Edidit

629 3821 967 3898 Diogenem
1012 3819 1318 3877 Laertium
1367 3826 1428 3878 et
1474 3819 1866 3896 Menaqiana.

723 3901 772 3978 3)
859 3905 1014 3964 Jean
1061 3905 1134 3962 de
1179 3905 1455 3978 Santeul,
1503 3910 1680 3962 natus
1724 3904 2008 3962 Lutetiae
2052 3923 2105 3962 a.
2159 3906 2340 3979 1630,
2386 3905 2499 3966 fuit
2522 3907 2684 3964 cele-

635 3991 925 4050 berrimus
990 3994 1172 4068 poeta
1234 3989 1508 4049 Latinus,
1598 3989 1744 4048 Eius
1794 3989 1997 4065 Opera
2038 3992 2277 4066 po'e'tica
2321 3990 2679 4068 prodierunt

634 4097 706 4142 a„
742 4080 920 4136 1694.
1015 4075 1182 4136 Obiit
1227 4094 1279 4133 a.
1335 4077 1517 4133 1697.

723 4159 774 4237 4)
861 4161 1078 4221 Nescio
1123 4179 1301 4238 quem
1344 4160 1659 4238 significet.

727 4246 774 4322 5)
861 4248 1054 4306 Video
1099 4266 1194 4306 me
1239 4247 1396 4304 hanc
1443 4245 1756 4323 epistolam
1802 4246 1917 4303 hoc
1962 4246 2094 4305 loco
2126 4247 2490 4306 inserentem
2521 4249 2683 4308 idem

634 4336 762 4394 fere
830 4351 1108 4411 peccasse
1175 4351 1245 4390 ac
1311 4332 1753 4389 Broukhusium
1819 4331 1879 4388 in
1952 4333 2149 4408 Epist.
2224 4335 2333 4406 73,
2395 4333 2679 4393 LXXIV.

619 4420 871 4484 ,Gallaei
917 4418 1077 4477 enim
1123 4418 1375 4495 epistola
1419 4437 1471 4474 a.
1520 4419 1679 4475 1688
1713 4417 1936 4494 scripta
1968 4424 2087 4490 est,
2119 4419 2325 4494 itaque
2357 4419 2684 4480 inserenda

635 4513 769 4586 post
817 4507 1018 4583 Epist.
1066 4505 1166 4562 LI.
