2975 5209
1283 498 1410 562 149

307 695 548 758 utinam
589 693 770 758 bonis
825 692 1040 756 avibus
1103 699 1289 758 exeat
1331 695 1390 757 in
1424 716 1644 759 manus
1671 694 1989 759 hominum
2017 694 2376 785 doctorum,

307 835 512 900 neque
544 813 720 878 fallat
747 833 932 899 quam
968 815 1312 879 commovit
1347 815 1901 900 exspectationem.
1966 815 2299 905 Schoppiis
2336 819 2379 903 ¹)

308 935 628 999 hodiernis
712 940 780 998 ut
855 935 1207 1020 placerem,
1285 936 1646 1020 neutiquam
1709 935 2028 1023 laboravi,
2098 943 2379 1003 strenuus

309 1060 656 1119 contemtor
727 1055 1001 1118 omnium
1073 1053 1523 1140 Cerberorum,
1578 1055 1827 1118 etiamsi
1875 1056 2052 1119 novis
2105 1057 2380 1141 quotidie

307 1175 644 1237 latratuum
731 1174 1073 1238 honoribus
1161 1175 1537 1238 inaurentur.
1638 1173 1775 1237 Tuo
1852 1180 2073 1240 exacto
2140 1174 2378 1259 judicio

311 1293 628 1380 quomodo
663 1292 1070 1358 satisfecerim
1093 1343 1111 1375 ‚
1148 1293 1213 1356 id
1237 1314 1387 1357 vero
1408 1293 1635 1377 majori
1655 1293 1812 1357 mihi
1833 1315 2019 1359 curae
2042 1301 2153 1360 est.
2212 1295 2381 1368 Quo-

309 1415 476 1479 circa
542 1413 721 1482 unice
786 1434 825 1477 a
869 1419 930 1478 te
981 1412 1334 1498 contende,
1387 1413 1441 1475 si
1493 1412 1638 1498 quid
1690 1432 1861 1477 amas
1910 1418 2084 1476 tuum
2133 1413 2380 1478 Brouk-

309 1533 598 1619 husium,
674 1538 742 1596 ut
813 1533 973 1596 inter
1041 1531 1381 1616 legendum
1455 1535 1681 1618 (neque
1756 1533 1917 1596 enim
1983 1541 2053 1596 ut
2122 1533 2381 1599 horreas

309 1674 568 1717 manum
638 1652 737 1716 his
809 1651 1041 1715 naeniis
1116 1651 1455 1714 admovere
1508 1652 1610 1715 vel
1655 1651 1958 1736 suspicari
2005 1653 2110 1716 vel
2160 1653 2381 1718 timere

289 1773 490 1856 libet)
563 1793 640 1836 ne
711 1772 1028 1857 negligere
1098 1771 1248 1834 velis
1298 1770 1497 1834 sicubi
1546 1770 1958 1856 aberraverO,
2012 1784 2117 1835 aut
2167 1773 2374 1858 cespi-

301 1897 568 1976 tavero,
636 1891 964 1976 diligenter
1010 1911 1112 1954 me
1159 1909 1432 1954 monere.
1535 1889 1818 1954 Monebis
1870 1896 2073 1954 autern
2127 1897 2374 1975 gratum

303 2011 626 2076 hominem
699 2015 886 2096 atque
954 2031 1334 2095 memorem,
1402 2009 1632 2094 quique
1703 2010 1901 2095 pluris
1968 2009 2159 2073 faciat
2233 2031 2271 2073 a
2318 2016 2380 2074 te

303 2151 433 2194 uno
500 2131 564 2193 in
638 2131 802 2195 viam
850 2129 1100 2214 reduci,
1174 2151 1358 2214 quam
1409 2150 1446 2192 a
1495 2128 1781 2192 trecentis
1833 2129 1968 2191 aliis
2018 2130 2081 2192 in
2134 2131 2382 2193 coelum

305 2251 539 2336 plausu
611 2248 836 2314 efferri.
935 2248 1020 2312 Et
1087 2249 1200 2313 erit
1266 2249 1682 2312 retractationi
1746 2249 1918 2314 locus
1990 2249 2094 2312 vel
2173 2249 2235 2312 in
2285 2269 2380 2312 re-

309 2367 623 2432 centanda
673 2366 860 2451 hujus
912 2369 1067 2431 vatis
1119 2368 1424 2452 editione,
1479 2369 1579 2432 vel
1628 2369 1691 2432 in
1742 2369 1863 2432 alio
1913 2372 2104 2455 poeta
2140 2368 2373 2434 labori-

313 2487 433 2552 bus
531 2487 687 2552 meis
759 2487 1022 2551 fortasse
1095 2487 1551 2574 perpurgandO.
1682 2487 1854 2551 Tuus
1933 2508 2083 2552 vero
2161 2487 2379 2552 Cicero

313 2609 465 2695 quid
533 2608 716 2692 agit?
811 2607 952 2671 Non
1023 2607 1108 2670 ita
1159 2607 1348 2672 debet
1397 2616 1458 2672 te
1507 2607 1705 2672 totum
1757 2627 2065 2693 occupare
2112 2608 2381 2694 Inscrip-

312 2727 554 2790 tionum
620 2747 814 2812 opus,
891 2732 957 2790 ut
1036 2724 1227 2789 Tullii
1279 2726 1364 2789 tui
1415 2727 1840 2812 obliviscar-ia,
1896 2732 1958 2791 et
2006 2719 2252 2812 partam
2302 2749 2384 2792 ex

312 2846 696 2932 pulcerrimo
770 2866 960 2932 opere
1037 2845 1301 2929 gloriam
1375 2847 1431 2909 in
1509 2847 1731 2910 incude
1795 2847 2126 2933 relinquas.
2255 2847 2383 2912 Sed

315 2987 443 3030 non
493 2965 723 3051 facies,
775 2966 942 3051 scic,
1000 2986 1375 3052 quamquam
1426 2967 1656 3029 cruciat
1706 2988 1818 3030 nos
1867 2987 2044 3029 mora
2093 2987 2167 3030 ac
2211 2967 2383 3030 desi-

313 3087 559 3150 derium
622 3085 759 3170 jam
809 3085 1003 3149 ferme
1056 3085 1233 3148 nimis
1283 3085 1559 3169 longum.
1637 3089 1818 3170 Age,
1872 3092 2081 3149 noster
2133 3084 2379 3150 Aescu-

279 3206 485 3291 ·lapi,
555 3225 909 3289 supremam
987 3225 1236 3267 manum
1305 3204 1557 3289 impone
1627 3203 1828 3268 labori
1892 3205 2271 3290 utilissimo,
2325 3210 2386 3268 et

319 3323 553 3388 debeat
612 3323 732 3388 hoc
779 3323 899 3387 tuis
947 3323 1174 3408 vigiliis
1225 3343 1428 3386 sermo
1477 3321 1803 3386 Romanus
1853 3329 1921 3386 ut
1973 3323 2227 3388 tandem
2276 3323 2389 3387 ali-

315 3441 564 3530 quando
637 3443 698 3505 in
773 3441 1073 3505 Cicerone
1157 3462 1524 3526 germanum
1601 3463 1675 3505 ac
1750 3463 1963 3506 verum
2041 3441 2386 3507 habeamus

319 3561 712 3626 Ciceronem.
809 3559 969 3625 Vale
1073 3561 1167 3625 vir
1237 3582 1518 3646 summe,
1600 3581 1672 3624 ac
1744 3584 1873 3647 me,
1958 3564 2123 3648 quod
2195 3563 2382 3648 facis,

317 3700 536 3745 amare
583 3701 799 3765 perge.

417 3797 765 3864 Amstelod.
819 3799 881 3863 in
935 3820 1144 3863 eremo
1199 3799 1579 3865 suburbano.
1635 3805 1674 3864 4
1727 3801 2023 3866 Februar.
2089 3803 2289 3866 1702.

1178 4045 1563 4063 mwoeoem-aex

421 4349 460 4421 ¹)
554 4347 850 4424 Casparus
914 4347 1229 4424 Scioppius
1263 4348 1770 4423 (1576-1649),
1802 4349 2167 4422 GermanuS,
2198 4345 2389 4403 multa

327 4432 524 4490 edidit
569 4451 772 4509 opera.
863 4431 960 4490 Ab
1011 4433 1413 4491 acerbissimis
1446 4433 1567 4490 suis
1598 4434 1747 4495 rixis
1775 4433 2086 4493 litterariis
2115 4449 2385 4515 praeser-

324 4519 439 4587 tim
482 4518 668 4585 habet
713 4519 953 4576 famam.
