2975 5209
1289 474 1371 536 63

627 667 835 754 Atque
883 669 1085 731 minus
1133 668 1294 731 libra
1341 669 1508 731 noris
1560 676 1619 732 et
1669 690 1808 733 asse
1858 675 2049 731 tuum.

301 788 591 853 Salutem
643 810 680 852 a
730 809 830 852 me
877 787 1253 851 lectissimae
1302 789 1482 850 uxori
1534 788 1822 873 omnique
1869 786 2158 853 familiae.

401 906 879 973 Amstelodami.
899 906 1099 993 pridie
1113 905 1366 970 Galend.
1387 906 1638 972 Octobr.
1650 904 1867 973 GIOIO
1876 906 2353 971 CLXXXVIII.

1330 1042 1357 1058 -ll
1362 1043 1539 1059 *ss-JVVVX

1251 1119 1420 1184 LIV.

946 1236 1138 1300 loanni
1186 1235 1432 1318 Goorqio
1478 1234 1719 1299 Graevio

1021 1348 1190 1411 lanus
1236 1346 1640 1411 Broukhusiua

399 1463 751 1549 Imaginem
799 1472 1000 1547 tuam,
1058 1463 1289 1526 Graevi
1338 1462 1706 1544 clarissime,
1762 1482 1799 1523 a
1841 1460 2106 1523 Francio
2144 1466 2352 1525 nostro

301 1590 475 1647 recte
544 1584 798 1669 accepi,
875 1583 1124 1667 gavisus
1174 1588 1344 1646 tanto
1393 1580 1710 1645 Musarum
1760 1580 2021 1665 pignore
2071 1586 2352 1643 ornatum

303 1702 379 1765 iri
446 1723 770 1765 musaeum
820 1724 1048 1767 meum.
1151 1701 1520 1788 Quanquam
1570 1700 1714 1787 quid
1764 1700 1870 1763 illo
1924 1722 2079 1786 opus
2128 1700 2345 1785 fuerit,

306 1843 452 1885 cum
500 1829 567 1886 tu
617 1824 808 1886 multo
859 1822 1099 1887 fidelius
1140 1821 1477 1907 imaginem
1511 1820 1599 1884 tui
1632 1821 1693 1883 in
1728 1820 1933 1883 animo
1967 1820 2355 1905 impresseris
2475 1888 2482 1894 ‚

302 1942 497 2007 meo?
567 1942 736 2007 Junii
783 1943 1010 2007 librum
1059 1942 1328 2006 Francio
1378 1940 1603 2006 tradidi
1654 1940 1733 2004 ad
1783 1946 1843 2004 te
1891 1938 2349 2026 perferendum.

307 2060 537 2125 Omnia
579 2062 714 2147 jam
765 2082 1192 2146 excusseram,
1245 2069 1311 2125 ut
1359 2061 1825 2147 typographum
1874 2060 2144 2147 aliquem
2182 2060 2353 2124 inve·

303 2181 538 2265 nirem,
617 2182 728 2245 sed
793 2160 1073 2246 rumores
1140 2181 1242 2245 isti
1312 2180 1518 2245 bellici
1586 2201 1764 2266 spem
1832 2198 2081 2243 omnem
2130 2178 2357 2245 edendi

305 2300 454 2363 libri
520 2300 971 2386 praeciderunt.
1073 2300 1276 2365 Doleo
1352 2321 1501 2365 sane
1564 2321 1725 2385 ‘opus
1792 2304 1917 2363 tam
1966 2299 2354 2385 praeclarum

226 2458 236 2465 -
306 2420 525 2505 negari
574 2420 739 2484 bono
789 2419 1080 2505 publico,
1135 2418 1245 2506 sed
1297 2417 1857 2502 obtemperandum
1908 2423 2001 2481 est
2046 2420 2353 2506 tempori,

307 2559 426 2603 nec
492 2538 947 2626 desperandum
1021 2538 1099 2603 de
1149 2540 1473 2604 occasione
1525 2536 1963 2603 commodiore.
2065 2538 2356 2603 Salmasii

309 2679 557 2745 quoque
624 2658 850 2723 librum
912 2659 991 2724 de
1041 2681 1108 2724 re
1155 2659 1406 2723 militari
1453 2658 1882 2721 Romanorum
1925 2658 2060 2742 jam
2110 2656 2353 2742 pridem

310 2776 467 2841 mihi
516 2776 786 2843 reddidit
818 2778 1272 2865 WolfgangUS,
1311 2786 1599 2843 causatus
1634 2779 1769 2863 ejus
1802 2778 1944 2841 libri
1977 2778 2205 2863 stylum
2232 2773 2367 2842 non⁴

305 2896 444 2961 fore
526 2897 604 2962 ad
683 2906 931 2983 gustum
1012 2900 1263 2965 delicati
1342 2899 1529 2984 hujus
1602 2899 1756 2964 aevi.
1872 2897 2067 2983 Ecce,
2153 2920 2355 2983 nugae
2416 2898 2425 2905 '

310 3016 672 3103 hominum,
727 3025 819 3103 et,
872 3027 939 3083 ut
982 3019 1172 3085 verbo
1207 3020 1439 3104 dicam,
1496 3018 1664 3085 Galli
1698 3026 1759 3083 et
1792 3016 2116 3083 Gallorum
2148 3018 2357 3083 fat-uae

310 3138 533 3202 simiae
583 3136 660 3203 de
709 3146 876 3203 sorte
925 3161 1000 3204 ac
1043 3140 1172 3205 fat-o
1217 3142 1596 3206 eruditorum
1628 3138 1997 3225 laborum(?)
2033 3138 2351 3215 decidunt,

309 3262 371 3321 et
445 3257 590 3342 quia
664 3257 743 3322 ad
816 3258 1063 3323 illorum
1138 3261 1414 3346 palatum
1487 3282 1607 3324 non
1671 3260 1915 3346 scripsit
1970 3256 2351 3342 Salmasius,
2406 3320 2411 3325 .

309 3377 774 3462 typographum
825 3378 1100 3443 invenire
1150 3398 1270 3443 non
1320 3386 1545 3465 potest.
1631 3378 1973 3443 Salmasius
2021 3350 2271 3463 F(ilius)
2311 3374 2353 3461 ¹)
2472 3410 2480 3417 -

308 3516 510 3582 nuper
583 3496 734 3561 mihi
804 3518 918 3584 per
989 3498 1200 3561 literas
1273 3497 1639 3582 significavit
1706 3497 1869 3562 velle
1937 3498 2057 3593 sibi
2127 3497 2357 3561 remitti

309 3635 455 3679 eum
505 3616 820 3697 codicem,
891 3638 964 3681 eo
1016 3616 1183 3703 quod
1233 3616 1516 3682 crederet
1564 3617 2085 3704 opportunitatem
2120 3614 2356 3689 ’edendi

307 3734 538 3819 Hagae
611 3756 732 3799 non
799 3733 1032 3800 defore.
1134 3734 1262 3799 Sed
1321 3736 1374 3799 is
1426 3737 1531 3822 qui
1578 3736 1730 3801 mihi
1780 3737 2105 3822 epistolam
2155 3733 2351 3821 dedit,

306 3859 532 3940 postea
603 3876 724 3917 non
795 3856 1164 3940 comparuit,
1247 3877 1448 3941 neque
1518 3878 1636 3941 ego
1688 3856 1935 3920 omnino
1985 3841 2113 3920 scio
2163 3834 2355 3920 ullam
2408 3922 2412 3928 ,

305 3973 615 4049 rationem
665 3973 974 4038 scribendi
1025 3974 1103 4037 ad
1152 3973 1557 4060 Salmasium,
1616 3996 1728 4039 nec
1768 3995 2115 4061 quenquam
2149 3975 2353 4041 habeo

305 4092 408 4158 cui
457 4094 606 4156 satis
656 4100 785 4158 tuto
841 4096 1087 4159 chartas
1138 4096 1278 4158 illas
1331 4067 1733 4179 committam.
1836 4095 1973 4180 Tu,
2026 4094 2076 4157 si
2127 4096 2349 4181 p'oteS‚

304 4212 589 4277 subveni.
686 4212 940 4279 Elector
1009 4214 1594 4300 BrandeburgicuS,
1671 4214 2201 4303 splendidissimus
2251 4191 2411 4282 ille*

299 4331 627 4397 Musarum
677 4332 1036 4421 Maecenas,
1091 4336 1569 4422 quadringentos
1603 4336 1958 4421 imperiales
1994 4337 2083 4419 (ut
2110 4335 2353 4420 vocant)

406 4492 451 4573 ¹)
542 4494 634 4554 De
679 4496 953 4557 Salmasii
994 4498 1118 4558 filio
1163 4498 1314 4558 nihil
1357 4499 1631 4558 invenire
1673 4500 1860 4581 potui.
