2975 5209
701 879 1176 950 ΑΒΒΕΝΒΑ
1242 879 1361 949 ΕΤ
1425 822 2099 951 ΒΟΒΒΙΒΕΝΒΑ.

462 1241 618 1328 Pag.
682 1245 786 1308 12.
909 1222 1340 1308 Broukhusius
1408 1264 1465 1309 a.
1544 1245 1720 1308 1684
1794 1241 2059 1327 Belgico
2131 1261 2421 1306 sermone

367 1381 614 1425 carmen
662 1361 922 1428 funebre
969 1363 1031 1426 in
1079 1349 1462 1428 Antonidem
1504 1362 1855 1450 composuit
1890 1361 2001 1444 (cf.
2041 1361 2423 1449 Gedichten,

367 1499 513 1566 pag.
567 1480 706 1565 51).
1628 1585 1633 1589 .
1717 1483 1719 1485 ’

459 1598 616 1688 Pag.
656 1603 765 1666 22.
866 1600 1256 1688 Significatur
1287 1602 1553 1668 fortasse
1591 1599 1957 1668 Alexander
1984 1601 2422 1687 Wilthemius,

366 1741 422 1784 a.
483 1723 658 1786 1604
698 1727 876 1787 natus
909 1720 1325 1808 Luciliburgi,
1381 1743 1416 1787 e
1449 1721 1751 1788 societate
1793 1721 1836 1786 J
1838 1742 1969 1786 esu.
2069 1720 2287 1786 Edidit
2318 1722 2425 1788 ille

273 1891 282 1896 .
366 1837 590 1918 Leodii
612 1840 806 1906 libros
830 1834 1156 1906 nonnullos
1184 1841 1263 1907 de
1291 1841 1771 1926 archaeologia3
1810 1841 1941 1905 eius
1967 1839 2078 1904 Ad
2100 1839 2425 1928 Diptycha

355 1957 758 2024 'Leodiensia
805 2009 1098 2025 .....
1172 1960 1641 2025 Adnotationes
1693 1959 2053 2047 prodierunt
2101 1981 2158 2027 a.
2222 1964 2421 2027 1677.

458 2078 616 2166 Pag.
657 2082 764 2148 29.
853 2079 1262 2169 Epigramma
1294 2080 1376 2145 ad
1408 2075 1764 2145 Servatium
1796 2080 2059 2165 legimus
2108 2080 2169 2144 in
2203 2079 2419 2171 codice

364 2221 552 2264 manu
616 2200 846 2288 scripto
896 2201 1237 2265 carminum
1284 2199 1702 2285 Broukhusii,
1758 2199 1861 2287 qui
1911 2200 1973 2263 in
2021 2199 2419 2266 Bibliotheca

365 2320 571 2406 Regia
641 2320 914 2406 Hagana
987 2325 1407 2385 conservatur.
1508 2319 1991 2406 Peerlkampius
2067 2320 2212 2405 (l.l.,
2275 2341 2419 2407 pag.
2543 2401 2548 2406 ⁸

367 2441 530 2525 465)
604 2446 924 2505 asseverat
995 2461 1070 2504 ea
1145 2439 1419 2510 carmina
1494 2438 1661 2504 edita
1720 2460 1857 2504 esse
1905 2439 1965 2502 in
2016 2437 2414 2526 Appendice,

365 2579 550 2644 quem
582 2559 643 2624 in
678 2559 945 2645 vulgatis
977 2558 1603 2626 Broukhusianorum
1639 2557 2012 2624 Poematum
2046 2558 2417 2624 editionibus

363 2699 484 2743 non
542 2680 838 2765 reperias.
937 2676 1093 2742 Mihi
1141 2684 1345 2743 tamen
1397 2699 1518 2744 non
1572 2678 1831 2763 contigit
1882 2699 1963 2742 ex
2010 2678 2140 2742 ulla
2189 2677 2413 2743 biblio·

363 2796 546 2864 theca
614 2798 869 2884 publica
925 2799 1284 2884 exemplum
1335 2799 1743 2885 depromere,
1797 2797 1895 2862 cui
1944 2797 2264 2884 appendix
2312 2798 2420 2863 ille

362 2917 548 2983 fuerit
570 2917 867 2983 adiectus
920 2917 1020 2982 De
1045 2917 1262 2982 codice
1289 2938 1478 2982 manu
1504 2918 1764 3005 script0‚
1804 2917 1953 2984 olim
1980 2918 2413 3004 HoeufftianO,

368 3038 490 3104 alio
540 3038 680 3102 loco
730 3058 933 3124 agam.
2513 3019 2517 3022 ²

461 3157 618 3244 Pag.
675 3161 782 3222 34.
882 3156 1029 3221 Fuit
1075 3157 1233 3221 haec
1280 3161 1599 3242 postrema
1652 3155 1948 3242 epistola,
2000 3177 2185 3242 quam
2221 3156 2416 3222 Hein-

368 3277 494 3342 sius
562 3277 736 3342 dedit
806 3277 886 3342 ad
949 3275 1434 3372 Broukhusium.
1539 3272 1826 3361 Apparet
1875 3275 2038 3339 enim
2087 3295 2170 3340 ex
2215 3274 2418 3341 indice

369 3397 770 3485 epistolarum
819 3419 858 3461 a
905 3396 1167 3462 Heinsio
1216 3396 1294 3460 ab
1346 3416 1504 3463 anno
1557 3397 1733 3460 1668
1770 3393 1850 3458 ad
1885 3394 1945 3460 d.
1989 3393 2217 3458 XXIX
2250 3393 2413 3480 Aug.

377 3518 547 3582 1681
606 3517 1000 3604 scriptarum,
1033 3511 1196 3581 =eum
1243 3522 1369 3580 tres
1411 3521 1649 3580 tantum
1684 3515 1920 3580 litteras
1952 3519 2177 3601 poetae
2210 3521 2419 3580 nostro

371 3636 646 3722 dedisse,
701 3658 860 3722 quae
907 3636 1010 3700 hic
1056 3612 1244 3722 prelo
1283 3641 1424 3700 sunt
1471 3606 1829 3698 mandatae.
1928 3634 2206 3700 Iudicem
2244 3635 2422 3699 illum

367 3776 556 3821 manu
615 3755 861 3821 Heinsii
925 3755 1222 3842 scriptum
1270 3754 1549 3840 reperias
1601 3754 1663 3817 in
1712 3752 2111 3818 Bibliotheca
2157 3751 2419 3838 Lugdu-

369 3875 544 3940 nensi
606 3873 821 3959 (Videz
867 3874 1234 3959 Catalo’gum
1285 3873 1418 3937 Viri
1469 3872 1639 3937 Olar.
1694 3872 1883 3958 Geel,
1938 3894 2039 3938 no.
2095 3873 2277 3957 983).
2448 3964 2452 3967 .

463 3993 619 4080 Pag.
657 3995 766 4058 45.
842 3992 1231 4058 Carminibus
1265 3992 1488 4078 quibus
1520 3991 1963 4056 Broukhusius
1998 3992 2425 4079 Franciusque

368 4114 711 4179 orationem
792 4112 1208 4178 Graevianam
1289 4111 1759 4176 celebraverunt-
1794 4161 1811 4194 ,
1897 4113 2201 4178 acerrima
2286 4113 2425 4178 rixa

366 4232 666 4297 litteraria
720 4238 856 4299 orta
903 4238 1013 4298 est.
1096 4230 1262 4296 Vide
1310 4244 1371 4296 et
1417 4230 1803 4296 Broukhusii
1856 4230 2201 4317 Poemata,
2272 4253 2421 4319 pag.

370 4355 538 4436 337,
591 4359 653 4418 et
675 4351 950 4418 Santenii
978 4353 1266 4418 Deliciae
1281 4352 1571 4434 poeticae
1582 4399 1600 4430 ,
1646 4351 1853 4436 1796,
1890 4373 2034 4438 pag.
2076 4353 2257 4447 386,
2282 4372 2421 4438 sqq.

466 4471 623 4558 Pag.
655 4473 764 4538 46.
837 4471 1270 4538 Constantinus
1295 4469 1629 4556 Hugenius
1657 4469 2207 4558 (1596—1687),
2244 4479 2424 4537 natus
