2975 5209
1284 499 1413 566 123

341 698 506 762 mina
545 699 610 784 1),
647 720 806 786 quae
839 698 1092 762 mirifice
1125 697 1398 784 Principi
1427 699 1809 783 placuerunt.
1840 736 1927 746 —
1963 697 2271 780 „Bessero
2298 701 2368 785 2),

337 818 674 904 magistro,
738 819 829 882 uti
890 825 1152 903 vocant,
1205 818 1715 884 caerimoniarum
1756 818 2130 904 aulicarum,
2182 841 2372 906 nego-

335 936 482 1000 tium
553 944 649 1001 est
711 937 962 1023 datum,
1030 944 1097 1001 ut
1164 938 1331 1001 nulla
1392 938 1754 1023 interposita
1819 958 1995 1002 mora
2044 944 2371 1027 utrumque

344 1060 572 1142 poema
618 1056 782 1143 typis
833 1055 1306 1122 describendum
1341 1055 1646 1121 curaret.”
1687 1105 1701 1122 .
1734 1106 1747 1120 .
1789 1107 1802 1120 .
1843 1108 1855 1121 .
1897 1107 1911 1120 .
1950 1056 2370 1140 ‚,Statuarum,

329 1196 482 1262 quae
555 1177 615 1240 in
677 1178 908 1242 recenti
973 1186 1163 1263 ponte
1212 1177 1719 1261 collocabuntur,
1772 1176 2020 1240 nomina
2065 1176 2240 1241 brevi
2290 1175 2371 1240 ad

335 1315 432 1360 me
503 1295 850 1382 perscribet
913 1295 1026 1360 Vir
1062 1296 1565 1361 .Illustrissimus.
1629 1294 1727 1359 Ea
1775 1296 1982 1360 statim
2031 1295 2208 1381 Tibi,
2260 1295 2377 1360 Vir

330 1413 768 1501 Nobilissime,
846 1422 907 1480 et
977 1414 1240 1480 Francio
1315 1423 1525 1480 nostro
1584 1416 1800 1502 edam,
1866 1415 2124 1480 simulac
2174 1416 2251 1480 de
2298 1415 2374 1481 iis

330 1536 556 1600 certior
637 1534 834 1600 factus
921 1535 1097 1600 fuero
1181 1536 1259 1600 ab
1335 1535 1761 1599 Illustrissimo
1835 1534 2367 1601 Danckelmanno.

327 1652 568 1719 Interea
637 1654 819 1720 avide
877 1661 1173 1742 exspecto
1243 1655 1560 1740 utriusque
1627 1661 1899 1720 vestrum
1950 1656 2243 1742 epistolas
2293 1655 2373 1719 ad

329 1771 678 1858 Augustum
754 1773 1145 1862 Principem,
1217 1796 1476 1862 quarum
1525 1775 1678 1839 mihi
1726 1796 1904 1860 spem
1953 1795 2165 1839 coram
2212 1774 2375 1839 fece·

248 1915 254 1921 ·
333 1892 509 1978 ratis,
589 1914 710 1957 una
778 1915 917 1958 cum
992 1896 1480 1981 epigrammate,
1576 1916 1696 1982 quo
1770 1895 2189 1959 celebraturos
2264 1915 2371 1958 vos

335 2032 469 2077 esse
517 2012 879 2078 incredibile
927 2014 1459 2100 Danckelmanni,
1515 2015 1630 2078 viri
1669 2014 1929 2099 summi,
1983 2013 2252 2079 studium
2311 2014 2371 2078 in

332 2131 567 2197 afflatos
618 2133 822 2198 divino
873 2136 1089 2221 spiritu
1138 2141 1311 2199 vates
1347 2141 1407 2199 et
1447 2135 1645 2199 omnis
1691 2134 1992 2220 politioris
2026 2133 2374 2219 elegantiae

331 2251 594 2318 cultores
641 2253 795 2318 mihi
841 2255 1162 2340 recepistis
1197 2254 1311 2340 ³).'’
1368 2305 1381 2318 .
1439 2305 1451 2317 .
1506 2304 1519 2318 .
1576 2253 1793 2335 „Facit
1824 2252 2201 2317 incredibilis
2235 2251 2375 2316 Tua

328 2369 711 2459 humanitas,
779 2372 896 2437 Vir
964 2373 1402 2459 Nobilissime,
1477 2380 1563 2444 ut,
1611 2395 1826 2438 aurem
1885 2373 2032 2437 Tibi
2086 2372 2369 2437 vellicem

331 2489 406 2554 de
469 2491 921 2578 epigrammate
988 2500 1093 2558 aut
1161 2495 1377 2580 quovis
1447 2494 1717 2558 carmine
1770 2503 1981 2557 contra
2026 2493 2373 2556 Bohurium

331 2609 680 2677 Germanici
727 2620 788 2677 et
833 2613 1077 2698 Belgici
1123 2614 1385 2678 nominis
1420 2614 1899 2678 obtrectatorem
1941 2612 2263 2677 scribendo
2294 2614 2367 2696 4),

330 2735 388 2794 et
432 2752 616 2796 meae
665 2732 1075 2818 qualicunque
1123 2732 1447 2820 Epistolae
1482 2734 1534 2818 5)
1584 2732 1966 2797 annectando
2018 2753 2139 2796 non
2189 2731 2368 2796 dubi-

331 2854 470 2914 tem.
570 2849 734 2915 Nam
799 2872 988 2938 quum
1053 2859 1258 2917 vestra
1322 2873 1567 2939 quoque
1630 2872 1729 2915 res
1778 2858 2032 2937 agatur,
2086 2872 2369 2915 caussam

282 2972 286 2976 ’
332 2987 720 3034 communem
780 2992 1024 3036 mecum
1073 2972 1317 3054 facere,
1393 2972 1482 3036 uti
1531 2971 1807 3055 confido,
1861 2992 1980 3034 non
2030 2970 2364 3034 recusabis.

326 3085 421 3150 Ita
478 3088 712 3172 junctis
760 3089 994 3154 viribus
1053 3090 1370 3155 hominum
1419 3089 2033 3154 insolentissimorum
2081 3088 2370 3173 injuriam

424 3237 466 3314 ι)
532 3241 949 3301 Broukhusius
987 3243 1041 3301 d.
1073 3243 1228 3300 XXI
1267 3244 1436 3302 Junii
1467 3245 1801 3322 composuit
1833 3260 2106 3301 carmen:
2153 3240 2231 3297 In
2263 3259 2370 3298 au-

333 3326 529 3401 spicia
575 3326 942 3387 Academiae
985 3330 1301 3387 Hallensis
1349 3329 1610 3404 (Poem,
1656 3347 1791 3406 pag.
1844 3329 2008 3401 369),
2056 3326 2110 3384 d.
2158 3324 2372 3382 XXVI

331 3409 525 3469 Junii:
588 3410 664 3469 In
721 3417 984 3471 natalem
1045 3416 1424 3472 serenissimi
1485 3434 1554 3472 ac
1589 3414 2006 3491 potentissimi
2058 3411 2373 3485 Principis

333 3493 651 3555 Frederioi
707 3498 832 3556 III.
911 3498 1092 3556 Sacri
1151 3500 1410 3557 Rom-ani
1468 3499 1723 3575 Imperii
1786 3498 2053 3557 Octoviri
2112 3497 2371 3571 (Poeni,

327 3599 402 3657 pa
452 3626 463 3638 .
512 3582 680 3655 372).

404 3600 459 3740 ξ)
551 3667 822 3726 Joannes
887 3669 1104 3727 Besser
1170 3670 1661 3745 (1654—1729),
1734 3669 2107 3741 GermanuS,
2173 3665 2369 3738 Ictus,

332 3769 384 3808 a.
455 3753 617 3810 1684
687 3753 804 3812 fuit
868 3754 1108 3830 legatus
1173 3755 1468 3813 Electoris
1533 3753 2012 3831 Brandeburgici
2056 3749 2372 3823 Londinii,

331 3842 543 3913 postea
584 3838 874 3916 magister
919 3840 1436 3898 caerimoniarum.
1530 3840 1813 3899 Carmina
1855 3837 2178 3896 vernacula
2216 3853 2372 3894 com·

369 3923 543 3982 osuit.

331 3940 366 3999 p
421 4006 469 4083 ³)
557 4008 630 4065 D.
677 4009 766 4065 VI
809 4009 966 4087 Aug.
1015 4010 1082 4067 B.
1129 4011 1462 4088 composuit
1506 4029 1780 4070 carmen:
1848 4010 1951 4068 Ad
1985 4008 2377 4066 Everardum

336 4091 867 4152 Dankelmannam
914 4138 927 4151 .
978 4139 990 4152 .
1041 4139 1054 4152 .
1103 4139 1116 4152 .
1168 4097 1433 4172 (Poem.,
1479 4116 1536 4173 p.
1588 4098 1752 4170 374).

419 4176 470 4253 4)
558 4180 626 4237 Β.
674 4179 977 4238 voluntati
1023 4180 1290 4239 Crameri
1326 4182 1617 4240 satisfecit
1649 4187 1709 4241 et
1730 4181 1994 4257 scripsit:
2044 4180 2118 4238 In
2151 4180 2374 4238 calum-

330 4265 629 4324 niatorem
675 4265 925 4322 Gallum
969 4267 1227 4342 (Poeni,
1273 4285 1408 4343 pag.
1460 4269 1627 4340 168).

415 4350 460 4423 ⁵)
551 4349 870 4408 Cramerus
927 4351 1115 4410 edidit
1159 4371 1212 4410 a.
1268 4354 1426 4409 1694
1474 4352 1743 4411 Berolini
1790 4352 2039 4426 librum,
2088 4350 2184 4406 cui
2228 4349 2373 4408 titu-

333 4432 451 4492 lus:
536 4435 852 4494 Vindi-ciae
911 4439 1178 4496 nominis
1240 4437 1592 4497 Germanici
1647 4444 1861 4496 contra
1918 4439 2215 4517 quosdam
2273 4434 2371 4495 ob-

334 4525 688 4580 trectatores
735 4522 968 4580 Gallos.
