2975 5209
1327 484 1413 564 Ἡ,
1453 490 1460 495 ,

348 699 727 783 defendam,
789 718 906 761 non
957 704 1161 761 tamen
1227 697 1465 760 desinet
1518 695 1969 759 subobscurum
2022 716 2200 778 esse,
2255 702 2443 781 quo·'

341 821 507 883 circa
571 819 758 883 alium
810 816 1092 883 substitui
1145 838 1440 897 versum,
1493 816 1757 879 fortasse
1806 836 1923 878 non
1974 814 2397 879 infeliciorem.

336 938 410 1001 In
480 937 785 1023 Principis
855 936 1028 1000 titulo
1104 936 1158 998 si
1231 922 1381 1021 qui'd
1453 936 1530 997 sit
1596 934 1937 1019 offensum,
2012 935 2095 998 tui
2170 933 2402 998 arbitrii

239 1106 246 1111 .
341 1058 643 1122 correctio
715 1064 866 1121 esto.
961 1055 1127 1119 Illud
1199 1056 1507 1119 Caesaris
1558 1055 1816 1138 Insula,
1871 1055 2149 1139 quamvis
2199 1055 2397 1119 minus

339 1177 618 1261 placeat,
672 1175 890 1240 retinui
927 1184 1149 1260 tamen,
1195 1196 1272 1239 ne
1307 1155 1666 1259 frigesceret
1694 1173 2101 1259 oppositionis
2138 1194 2393 1238 acumen

340 1297 400 1359 in
452 1296 588 1359 fine.
694 1294 870 1368 Quae
919 1296 978 1358 in
1022 1294 1318 1379 adjuncta
1359 1294 1660 1357 schedula
1694 1293 2198 1377 continebantur,
2236 1294 2396 1357 inse-

341 1416 533 1480 renda
617 1415 828 1480 curavi
910 1415 1172 1500 gazcttis
1256 1413 1571 1497 crastinis,
1658 1414 1935 1499 (ignosce
2015 1412 2158 1478 huic
2232 1414 2394 1498 voci)

340 1556 484 1599 nam
550 1535 1064 1599 Harlemensium
1143 1541 1458 1604 auctorem
1522 1534 1651 1596 sive
1701 1532 2002 1597 editorem
2053 1534 2157 1619 qui
2205 1534 2392 1598 homo

342 1656 422 1718 sit
479 1656 714 1739 ignoro.
816 1653 1181 1717 Meliuscule
1233 1654 1366 1737 jam
1416 1652 1622 1716 habeo
1675 1652 1753 1717 ab
1804 1653 2089 1717 hesterna
2140 1653 2393 1740 potione

339 1776 620 1859 medica,
676 1782 737 1839 et
788 1773 1292 1838 deambulatione
1342 1794 1414 1837 ac
1461 1773 1595 1836 sole
1637 1773 2069 1858 corpusculum
2104 1788 2388 1837 exerceo,

338 1896 436 1958 Tu
504 1896 677 1978 vale,
749 1895 834 1957 mi
905 1893 1222 1970 carissime
1294 1891 1564 1977 Graevi,
1638 1899 1697 1955 ct
1750 1913 1851 1955 me
1900 1913 1982 1956 ex
2032 1913 2170 1956 asse
2220 1898 2389 1957 tuum

343 2036 556 2079 amare
603 2036 813 2101 perge.

431 2133 924 2216 Amstclodami,
979 2132 1232 2197 Calend.
1291 2132 1521 2196 Julian.
1588 2135 1783 2197 1689.

330 2254 576 2318 Prodiit
666 2252 767 2317 hic
855 2253 1100 2316 libellus
1177 2252 1273 2314 cui
1343 2252 1554 2315 titulus
1630 2252 1905 2315 Fen-dalis
1980 2251 2251 2335 Gallus,
2325 2251 2384 2314 in

335 2396 460 2460 quo
511 2374 705 2437 multa
755 2373 915 2437 bona
969 2373 1045 2437 de
1095 2372 1428 2455 injustitia,
1508 2372 1838 2456 violentia,
1910 2377 2023 2434 etc.
2076 2392 2387 2434 armorum

334 2492 758 2576 Gallicorum,
815 2492 1182 2578 pracsertim
1233 2497 1445 2554 contra
1498 2489 1897 2554 Germaniam
1936 2503 1993 2553 et
2032 2488 2383 2553 Caesarem.
2464 2566 2476 2575 ,

330 2612 499 2675 Eum
566 2612 677 2675 tibi
727 2634 840 2698 per
889 2612 1079 2677 otium
1131 2611 1603 2697 inspectantium
1656 2610 2021 2693 suaderem,
2093 2610 2209 2673 nisi
2259 2618 2385 2673 tam

332 2732 708 2817 prodigiosis
784 2731 1022 2795 mendis
1097 2741 1540 2817 conspurcatus
1618 2738 1782 2793 esset
1855 2751 1891 2793 a
1964 2730 2379 2816 typographO.

331 2852 402 2915 In
455 2853 576 2916 fine
627 2852 972 2917 adhortatio
1003 2853 1083 2936 (Ρ)
1120 2868 1210 2915 est
1249 2851 1325 2917 ad
1363 2849 1711 2914 Germanos
1748 2861 1959 2914 contra
1992 2872 2382 2915 communem

330 2974 578 3059 generis
648 2972 900 3036 humani
969 2972 1210 3034 hostem
1265 2960 1449 3054 longe
1501 2970 2083 3054 vehementissima,
2162 2971 2271 3036 sed
2323 2980 2383 3036 et

330 3094 525 3177 longe
603 3093 992 3177 pulcerrima.
1105 3089 1317 3174 Stylus
1393 3110 1677 3174 quoque,
1754 3102 2044 3174 quantum
2120 3112 2195 3154 ea
2266 3090 2384 3153 fert

328 3213 633 3297 materia,
689 3212 836 3275 satis
887 3211 1156 3297 probus,
1213 3219 1271 3273 et
1321 3216 1562 3273 erectus
1615 3230 1686 3272 ac
1738 3211 2066 3273 masculus,
2145 3207 2383 3273 Auctor
2448 3280 2465 3291 ,

323 3333 601 3395 nondum
680 3332 970 3414 innotuit3
1050 3330 1250 3415 ipsum
1312 3328 1591 3391 libellum
1658 3329 1829 3412 ajunt
1878 3328 2193 3391 Bruxellis
2243 3349 2380 3404 csse

324 3452 583 3525 editum.
688 3450 937 3513 Sulvcat
990 3449 1362 3533 CrameruS,
1419 3450 1518 3510 cui
1570 3469 1685 3531 ego
1736 3445 1975 3533 pridem
2028 3446 2247 3510 excidi.

1350 3578 1553 3600 ἏΝἏΜΛ

1281 3662 1418 3726 LX.

971 3805 1162 3869 loanni
1211 3804 1454 3887 Georgia
1503 3802 1742 3867 Graevio

1047 3918 1214 3979 lanus
1262 3914 1663 3979 Brcukhusius.

429 4028 692 4113 Magnas
745 4030 853 4093 tibi
905 4031 1134 4114 gratias
1187 4050 1349 4115 age,
1405 4028 1761 4092 Clarissime
1798 4025 2061 4109 Graevi,
2106 4026 2377 4110 majores

330 4149 523 4214 etiam
577 4148 780 4212 habeo
833 4171 944 4233 pro
997 4157 1120 4211 tam
1177 4148 1393 4212 dextre
1427 4158 1677 4232 tamque
1719 4147 1908 4209 nitide
1937 4152 2219 4209 accurata
2247 4148 2377 4230 epi-

316 4267 688 4353 grammatis
725 4267 846 4329 mci
897 4266 1324 4353 impressione.
1425 4265 1833 4350 Exemplar-ia
1860 4286 2017 4351 quae
2045 4284 2373 4349 superesse

317 4388 548 4451 scribis
599 4385 792 4449 dividi
843 4386 1024 4472 cupio
1085 4387 1240 4449 iuter
1290 4386 1523 4451 amicos
1576 4390 1968 4467 communes,
2026 4393 2130 4447 aut
2180 4384 2375 4468 siqui

317 4507 430 4572 alii
484 4504 654 4592 apud
686 4526 795 4570 vos
843 4512 979 4569 sunt
1020 4525 1280 4593 quorum
1316 4504 1650 4569 amicitiam
1686 4502 1906 4569 ambiri
1940 4524 1975 4569 a
2009 4524 2108 4568 me
2142 4502 2373 4569 debere
