2975 5209
1316 529 1443 590 113

343 721 479 806 lor,
555 721 853 808 scriptum
925 729 1019 787 est
1067 737 1280 786 contra
1329 722 1725 786 Perraltum‘?
1772 721 1937 788 Vale
1986 721 2101 788 Vir
2150 725 2401 810 elegan-

342 841 626 926 tissime,
704 847 765 906 et
834 862 935 906 me
1009 863 1218 908 amare
1292 863 1655 928 persevera,
1733 848 1919 930 teque
2000 865 2037 907 a
2095 865 2196 909 me
2262 867 2409 910 vere

347 961 588 1044 amari,
663 960 776 1024 tibi
847 960 1171 1046 persuade.

447 1079 739 1166 Lugduni
772 1081 830 1144 in
851 1080 1122 1166 Batavis,
1150 1080 1347 1164 pridie
1366 1081 1514 1144 Idus
1540 1081 1842 1147 Decemb.
1875 1077 2407 1148 OIOIOOXGIII.

1176 1252 1279 1269 &ss-A.
1282 1250 1588 1266 VWN-JWWV

1231 1339 1448 1418 Xcm'
1483 1355 1564 1440 ¹).,

1107 1495 1322 1560 lacobo
1369 1495 1659 1559 Perizonio

1080 1607 1248 1670 lanus
1293 1605 1695 1670 Broukhusius.

457 1744 642 1818 Quod
711 1755 838 1810 tam
912 1747 1018 1810 diu
1067 1748 1145 1811 ad
1185 1747 1593 1812 amicissimas
1626 1748 1836 1812 literas
1872 1755 2011 1813 tuas
2046 1769 2419 1834 responsum

354 1863 742 1950 distulerim,
817 1863 931 1929 Vir
1003 1865 1401 1950 Clarissimo,
1479 1867 1607 1930 noli
1678 1867 1738 1930 in
1813 1868 2117 1932 seciorem
2176 1875 2417 1954 partem

353 1985 788 2072 interpretari:
871 1985 1104 2050 factum
1189 1986 1354 2050 enim
1443 1985 1510 2049 id
1584 1991 1675 2049 est
1747 1986 1935 2069 justis
2015 1985 2092 2050 de
2163 1987 2419 2050 caussis.

357 2103 611 2190 Nempe
660 2105 1106 2170 exauctorandi
1153 2105 1398 2169 fuerunt
1445 2111 1751 2190 quotquot
1791 2126 1824 2169 e
1863 2105 2161 2170 militibus
2201 2106 2423 2169 nostris

357 2225 674 2289 veteranis
747 2207 1004 2312 operam
1075 2225 1456 2289 classiariam
1521 2225 1985 2310 detrectabant,
2040 2226 2429 2309 (detrectavit

296 2365 324 2370 ··
362 2349 576 2409 autem
642 2366 786 2430 pars
848 2346 1044 2409 multo
1094 2345 1323 2430 major)
1376 2352 1436 2409 et
1485 2344 1914 2410 conscribendi
1964 2366 2265 2410 novorum
2313 2366 2425 2408 nu-

362 2463 523 2528 meri
613 2465 1012 2550 copiosiores,
1111 2463 1186 2527 Id
1276 2465 1594 2550 negotium
1692 2485 1877 2550 quam
1970 2485 2191 2550 parum
2282 2485 2421 2529 cum

365 2581 562 2646 Musis
613 2585 970 2669 conveniat,
1024 2606 1138 2650 nec
1185 2590 1289 2670 tu,
1341 2605 1457 2648 nec
1506 2580 1832 2672 quisquam
1886 2585 2101 2648 doctus
2136 2585 2425 2670 ignorare

365 2707 594 2788 potest.
693 2702 872 2766 Nunc
929 2703 1164 2792 respiro
1215 2705 1509 2768 nonnihil.
1577 2704 1895 2771 ,Primum
1947 2726 2096 2790 ergo
2147 2706 2427 2790 gratulor

369 2821 521 2908 tibi,
575 2821 741 2906 quod
780 2822 1075 2887 liberatus
1125 2823 1208 2886 sis
1259 2845 1296 2886 a
1343 2823 1535 2907 febri,
1602 2823 1781 2888 hoste
1830 2825 1940 2888 illa
1988 2825 2429 2889 molestissima

373 2941 651 3025 corporis
725 2941 908 3005 simul
962 2948 1144 3028 atque
1195 2942 1400 3006 animi.
1504 2942 1851 3008 Conservet
1902 2943 2009 3008 tibi
2060 2965 2425 3030 prosperam

371 3059 671 3145 salutem,
725 3067 1217 3147 atque-augeat,
1270 3062 1445 3126 Deus
1496 3063 1871 3126 inmortalis!
1928 3062 2093 3126 Tum
2149 3084 2337 3148 vero,
2393 3083 2428 3126 o

373 3184 612 3264 noster,
641 3179 826 3243 laudo
856 3180 1018 3266 quod
1045 3181 1107 3243 in
1135 3182 1406 3244 animum
1431 3181 1749 3245 induxeris
1781 3182 2109 3246 retundere
2134 3182 2425 3246 stolidam

372 3297 644 3364 Perralti
709 3299 1039 3385 ferociam,
1075 3343 1080 3348 -
1117 3300 1299 3384 cujus
1374 3320 1493 3386 ego
1567 3301 1829 3386 impium
1905 3301 2130 3364 librum
2182 3302 2427 3386 evolvi,

377 3438 502 3504 qua
555 3426 732 3504 parte
797 3420 998 3505 agitur
1057 3420 1407 3507 dei-poetis
1508 3419 1898 3506 Praecipuus
1958 3419 2015 3482 ei
2064 3440 2291 3505 scopus
2346 3421 2432 3484 vi-

379 3537 591 3622 detur,
643 3549 711 3602 ut
759 3541 1147 3605 excutiantur
1197 3540 1272 3604 de
1321 3538 1608 3603 manibus
1660 3538 1980 3602 hominum
2030 3559 2243 3602 omnes
2290 3538 2434 3601 libri

379 3658 805 3744 antiquorum,
860 3660 1111 3724 retentis
1161 3661 1311 3724 solis
1365 3657 1724 3743 hodiernis,
1778 3666 1841 3722 et
1886 3658 1961 3720 iis
2012 3657 2262 3743 quidem
2312 3679 2432 3721 non

381 3776 498 3866 nisi
572 3777 788 3842 Gallis.
889 3778 1052 3842 Nam
1126 3780 1179 3843 si
1251 3779 1428 3843 titulo
1506 3799 1620 3842 suo
1684 3777 1985 3841 voluisset
2036 3777 2430 3862 satisfacere,

382 3894 699 3961 debuisset
725 3919 758 3962 e
784 3878 1358 3984 singulis-Europae
1383 3897 1761 3981 nationibu8,
1794 3917 1951 3982 quae
1975 3896 2223 3982 quidem
2245 3896 2433 3962 hodie

383 4015 688 4081 habentur
736 4017 1061 4102 cultiores,
1117 4018 1408 4102 exempla
1449 4023 1688 4102 petere
1714 4035 1871 4100 quae
1909 4023 2251 4101 opponeret
2284 4015 2436 4078 anti-

385 4135 618 4221 quitati.
646 4134 842 4201 Vides
869 4135 970 4200 hic
994 4137 1408 4222 pellucentem
1425 4134 1789 4221 superbiam
1810 4134 2185 4198 vanissimae
2202 4135 2431 4218 gentis,
2484 4127 2487 4132 ’

386 4275 545 4340 quae
591 4255 982 4339 tyrannidem
1031 4254 1280 4318 affectat
1329 4256 1513 4319 etiam
1550 4255 1609 4316 in
1651 4255 1791 4340 ipsa
1824 4254 2088 4339 ingenia.
2144 4252 2434 4318 Ceterum

387 4374 762 4460 argumentis
859 4375 1047 4437 utitur
1140 4395 1330 4459 saepe
1426 4373 1757 4437 imbecillis
1786 4423 1802 4456 ,
1887 4373 2135 4458 saepius
2216 4373 2437 4456 malig-

485 4542 530 4620 ¹)
615 4545 692 4604 In
732 4545 1115 4606 Bibliotheca
1157 4544 1569 4622 Lugdunensi.
