2975 5209
1520 459 1651 522 132
1751 485 1755 492 ·

1518 654 1653 720 CX.

1021 825 1326 889 Theodoro
1371 823 1634 886 jansonio
1680 822 1752 885 ab
1797 821 2154 886 Almelovcen

1271 935 1442 999 lanus
1486 933 1892 998 Broukhusiua

651 1105 835 1194 Quod
883 1101 1008 1185 tam
1059 1119 1258 1185 calide
1307 1118 1739 1212 conquereris,
1794 1119 1876 1182 mi
1927 1115 2322 1182 Almeloveni
2352 1167 2373 1200 ,
2422 1137 2618 1202 super

553 1239 960 1328 infrequentia
1008 1259 1283 1303 mearum
1332 1238 1685 1320 literarum,
1740 1259 1871 1300 rem
1920 1237 2075 1302 facis
2126 1244 2187 1301 et
2236 1258 2453 1301 amore
2497 1244 2607 1301 tuo

558 1361 844 1446 dignam,
917 1371 976 1424 et
1043 1358 1190 1422 mihi
1261 1378 1408 1421 sane
1477 1377 1663 1442 quam
1705 1356 2080 1440 jucundam,
2136 1356 2239 1442 qui
2290 1377 2367 1420 eo
2418 1361 2607 1441 argu·
2671 1336 2675 1337 ⁷

556 1485 762 1547 mento
821 1478 1164 1564 compellor
1211 1483 1278 1540 ut
1327 1475 1574 1540 credam
1625 1497 1726 1539 me
1776 1476 1972 1539 amari
2022 1475 2137 1539 abs
2186 1482 2247 1539 te
2298 1497 2417 1540 non
2473 1476 2607 1538 vul-

556 1619 771 1682 garem
831 1598 895 1660 in
962 1596 1235 1660 modum.
1337 1594 1503 1668 Quid
1571 1617 1687 1680 ego
1758 1603 1965 1660 autem
2037 1594 2117 1658 ad
2164 1601 2227 1659 te
2286 1595 2603 1681 scribam,

505 1717 511 1723 ’
557 1717 747 1782 homo
805 1716 1132 1802 splendide
1182 1716 1403 1799 miser,
1457 1722 1521 1779 et
1568 1715 1739 1778 mille
1789 1716 1954 1780 tricis
2006 1715 2303 1779 obsessus
2353 1737 2391 1778 a
2438 1713 2608 1802 dulci

555 1837 872 1902 Musarum
945 1836 1216 1922 alloquio
1288 1837 1474 1918 longe
1550 1835 1879 1920 longeque·
1934 1834 2197 1897 alienis?
2296 1832 2396 1897 An
2456 1855 2609 1898 vero

409 1974 416 1982 ·
491 1985 494 1987 Α
557 1955 772 2020 inanes
820 1960 884 2018 tu
933 1954 1047 2018 tibi
1093 1955 1300 2019 literas
1349 1954 1603 2018 obtrudi
1650 1955 1974 2038 postulaS,
2028 1974 2288 2039 quarum
2340 1960 2401 2018 te
2445 1974 2613 2016 mer-

561 2073 728 2138 cedis
796 2073 1001 2136 statim
1059 2073 1266 2158 pigeat
1316 2094 1570 2136 necesse
1621 2073 1769 2137 est?
1868 2073 2055 2136 Haud
2105 2073 2192 2134 ita
2248 2074 2385 2136 vilis
2434 2074 2609 2158 apud

562 2215 662 2258 me
711 2201 804 2258 est
851 2192 957 2255 otii
1006 2192 1091 2254 tui
1141 2192 1332 2275 ratio,
1387 2192 1555 2278 quod
1605 2193 1731 2255 scio
1766 2193 2129 2256 melioribus
2164 2193 2326 2256 curis
2362 2192 2605 2257 deb'eri.

557 2311 764 2376 Valde
837 2311 1019 2375 doleo
1093 2311 1170 2374 de
1237 2311 1484 2394 jactura
1557 2333 1740 2397 quam
1818 2311 2019 2375 fecisti
2091 2333 2297 2377 rerum
2374 2311 2615 2409 Caseu-

559 2432 1002 2514 bonianarum‚
1075 2438 1133 2494 et
1205 2450 1417 2493 vereor
1473 2437 1540 2493 ut
1590 2431 1865 2515 reparari
1914 2431 2128 2515 possit.
2228 2430 2617 2516 Fragmenta

563 2549 808 2614 Canteri
873 2550 1132 2614 collecta
1195 2557 1334 2612 sunt
1383 2570 1416 2612 e
1465 2549 1638 2612 libris
1687 2550 2028 2635 impressis.
2131 2549 2259 2614 Sed
2310 2559 2371 2614 et
2417 2552 2475 2614 in
2515 2547 2615 2614 his

559 2670 712 2756 ipsis
780 2668 1070 2734 damnum
1129 2669 1373 2732 factum·
1409 2679 1502 2734 est
1553 2691 1669 2732 non
1721 2669 2112 2733 sai-ciendum
2160 2670 2289 2735 ulla
2338 2670 2617 2734 humana

513 2806 720 2875 'ope,
806 2809 884 2852 ne
965 2795 1025 2852 te
1098 2788 1301 2850 solum
1377 2795 1626 2873 reputes
1696 2788 1852 2877 inter
1923 2788 2199 2853 infelices
2277 2791 2610 2855 numerari.

563 2887 758 2970 Periit
824 2906 986 2970 enim
1055 2905 1299 2970 Oanteri
1364 2905 1857 2969 Commentarius
1926 2907 1987 2969 in
2045 2908 2155 2970 illa
2221 2908 2613 2993 fragmenta,

565 3026 884 3090 absolutus
953 3031 1015 3089 et
1070 3025 1146 3088 ad
1197 3025 1559 3088 umbilicum
1608 3025 1961 3110 perductus
2062 3025 2225 3090 Eum
2280 3027 2619 3092 Commen-

563 3147 786 3209 tarium
810 3196 832 3228 ‚p
877 3166 999 3207 una
1048 3165 1184 3207 curn
1232 3144 1630 3228 fragmentiS‚
1669 3146 1853 3230 (quae
1888 3147 2005 3229 eg‘o
2043 3146 2191 3211 olim
2226 3168 2362 3210 sum
2399 3153 2621 3211 nactus

569 3286 649 3328 ex
719 3264 994 3349 reliquiis
1068 3263 1368 3346 naufragii
1442 3265 1865 3350 praeceptoris
1940 3267 2083 3328 mei·
2137 3264 2336 3350 Junii)
2399 3266 2623 3329 habuit

569 3382 827 3447 Gerard.
902 3381 1001 3445 Jo.
1071 3381 1362 3466 Vossiu8,
1416 3381 1503 3444 uti
1554 3389 1835 3445 constare
1886 3383 1998 3446 tibi
2047 3384 2275 3468 poterit
2324 3405 2405 3447 ex
2455 3391 2625 3448 cata-

565 3503 714 3588 logo
750 3502 885 3586 ejus
920 3500 1354 3564 bibliothecae.
1452 3500 1716 3564 Videtur
1749 3510 1954 3564 autem
1988 3502 2245 3586 periisse
2281 3524 2393 3588 per
2426 3503 2623 3586 negli-

567 3621 838 3707 gentiam
891 3619 1111 3682 viduae
1161 3619 1497 3683 Junianae:
1553 3632 1656 3682 aut
1706 3633 1796 3682 cst
1846 3620 2109 3684 fortasse
2148 3621 2327 3684 istinc
2362 3641 2615 3707 surrep-

569 3755 666 3806 tus
715 3741 795 3804 ab
847 3739 1052 3824 aliquo
1102 3740 1342 3834 vulture
1392 3739 1703 3821 literario,
1750 3741 1849 3824 qui
1894 3761 2051 3804 nunc
2083 3748 2291 3825 potest
2322 3741 2625 3806 incubare

491 3913 498 3918 .
566 3861 767 3925 alieno
833 3859 1142 3922 thesauro.
1246 3857 1426 3922 Certe
1492 3858 1667 3920 nobis
1717 3858 1941 3921 frustra
2006 3857 2415 3944 desideratur.
2494 3859 2627 3924 ·De

571 3979 842 4043 carmine
914 3978 1103 4043 vestri
1175 3976 1405 4078 Ketelii
1480 3997 1735 4060 magnas
1818 3977 2047 4060 gratias
2126 3999 2266 4061 ago.
2382 3977 2492 4040 Vis
2565 3988 2629 4042 et

564 4098 871 4184 judicium
920 4099 1178 4162 meum?
1275 4095 1400 4158 Vix
1449 4097 1645 4159 ullum
1696 4095 1821 4158 vidi
1873 4095 1949 4158 de
2001 4103 2089 4158 tot
2128 4096 2309 4160 lessis
2349 4096 2626 4162 funebri-

576 4217 723 4302 buS,
778 4237 962 4304 quem
1009 4216 1101 4278 illi
1149 4214 1298 4278 satis
1349 4214 1534 4298 digne
1584 4213 1862 4276 conferre
1906 4215 2178 4299 possim:
2230 4217 2391 4279 adeo
2428 4217 2632 4302 spirat

573 4335 819 4423 poetice
868 4355 942 4399 ac
989 4334 1252 4418 Latine,
1297 4332 1454 4396 adeo
1501 4333 1722 4395 bonam
1760 4340 2025 4396 mentem
2064 4333 2292 4419 ubique
2328 4357 2625 4419 agnosco.

571 4455 822 4518 Vellem
890 4454 1303 4537 intelligerent
1368 4451 1671 4515 Proceres
1743 4452 1913 4513 urbis
1988 4460 2225 4515 vestrae
2277 4475 2389 4515 sua
2438 4453 2629 4518 bona.
