2975 5209
1323 492 1408 555 87

1239 688 1510 754 LXXII.

823 829 1037 895 Theod.
1084 830 1380 895 ianssonio
1423 832 1497 895 ab
1542 832 1933 896 Almcloovecn

1063 942 1232 1006 lanus
1277 941 1681 1007 Broukhusius.

442 1081 818 1178 Eleganlem
868 1088 1042 1147 tuum
1079 1082 1398 1169 libellum,
1435 1081 1552 1146 Vir
1585 1082 1977 1167 merissime,
2015 1104 2197 1168 quem
2233 1087 2399 1147 recte

347 1200 764 1287 Promissam,
793 1201 905 1266 sed
930 1208 1138 1267 tamen
1166 1202 1501 1293 Latentem
1526 1201 1985 1267 Bibliothecam
2011 1202 2290 1266 inscribis
2318 1180 2395 1288 ¹¹)‚

347 1328 412 1387 et
479 1321 691 1407 accepi
756 1328 962 1407 recte,
1037 1329 1098 1386 et
1160 1344 1281 1387 non
1350 1322 1482 1387 sine
1565 1322 1883 1409 voluptate
1951 1328 2145 1387 totum
2193 1323 2401 1387 statim

349 1441 578 1505 evolvi.
679 1439 1113 1506 Nascebantur
1176 1442 1482 1529 quaedam
1543 1442 1657 1506 sub
1707 1464 1895 1506 manu
1930 1445 2020 1529 2),
2071 1448 2138 1507 ut
2184 1444 2288 1528 fit,
2338 1444 2411 1506 in-

345 1562 490 1647 ipsa
536 1562 841 1648 lectione,
910 1581 1069 1649 quae
1117 1561 1228 1626 tibi
1278 1584 1400 1625 una
1447 1583 1588 1626 cum
1639 1562 1809 1627 hisce
1858 1563 2049 1629 literis
2083 1564 2394 1628 transmit-

347 1687 485 1745 tere
552 1681 754 1747 visum
822 1680 952 1745 fuit.
1053 1680 1193 1745 Non
1263 1682 1428 1768 quod
1493 1682 1566 1746 iis
1635 1683 1917 1748 laborem
1980 1689 2157 1747 tuum
2221 1684 2407 1748 valde

343 1801 559 1887 juvari
631 1810 872 1889 putem,
951 1800 1062 1867 sed
1140 1810 1206 1867 ut
1273 1803 1484 1867 videas
1556 1825 1741 1889 quam
1809 1826 1927 1868 non
1992 1805 2407 1891 perfunctorie

351 1922 612 2006 legerim
663 1922 1124 1987 Bibliothecam
1177 1929 1365 1987 tuam.
1467 1922 1570 1988 De
1618 1923 1960 2010 Epistolis,
2033 1946 2190 2011 quae
2240 1924 2407 2011 apud

352 2042 681 2109 Brantium
717 2046 764 2128 ³)
832 2051 1191 2127 servantur,
1263 2044 1390 2108 scio
1457 2065 1557 2108 me
1634 2043 2007 2108 mentionem
2079 2045 2403 2128 injecisse:

355 2161 472 2226 sed
522 2163 664 2249 quia
712 2168 778 2226 tu
827 2184 1014 2249 super
1066 2184 1140 2227 eo
1191 2162 1439 2248 negotio
1494 2162 1645 2226 nihil
1698 2163 2156 2248 respondebam,
2211 2165 2409 2249 suspi-

356 2280 550 2345 cabar
609 2283 827 2347 deesse
877 2282 988 2347 tibi
1039 2284 1230 2347 otium
1280 2283 1360 2347 ad
1409 2282 1783 2347 moliendam
1837 2290 1897 2347 et
1946 2283 2400 2369 suscipiendam

358 2401 698 2467 editionem
739 2404 944 2489 operis
979 2424 1098 2466 non
1131 2404 1383 2468 inutilis,
1437 2404 1618 2467 Nunc
1651 2404 1703 2466 si
1728 2403 1966 2467 animus
1992 2408 2084 2466 est
2107 2416 2405 2489 pergere,
2520 2466 2528 2474 ,
2563 2406 2571 2415 “

359 2543 435 2585 ac
505 2524 801 2608 perficere
852 2544 990 2587 eam
1042 2524 1268 2609 telam,
1333 2544 1516 2609 agam
1568 2545 1704 2587 cum
1755 2522 2050 2607 Branti0‚
2104 2524 2286 2587 simul
2336 2544 2411 2587 ac

356 2663 728 2728 responsum
799 2649 970 2706 tuum
1032 2663 1370 2729 accepero,
1445 2658 1506 2707 et
1571 2642 1795 2708 videbo
1848 2643 1993 2730 quid
2043 2643 2184 2707 inde
2233 2642 2411 2706 nobis

303 2764 438 2855 ‚sit
507 2762 903 2849 sperandum.
1007 2762 1184 2835 Quae
1253 2785 1402 2827 vcro
1478 2765 1772 2827 carmina
1843 2784 2161 2848 anonyma
2227 2763 2414 2825 colle-

358 2882 564 2967 geris,
643 2903 762 2945 non
839 2883 986 2945 satis
1059 2884 1358 2969 percipio,
1462 2883 1669 2956 Quare
1746 2890 1984 2968 gratam
2063 2882 2213 2946 mihi
2282 2903 2443 2945 rem·

297 3015 312 3021 “
355 3000 620 3085 feceris,
713 3000 762 3063 si
829 3006 1098 3064 mentem
1179 3002 1347 3065 tham
1429 3003 1743 3087 aperueris
1796 3002 2107 3087 aliquanto
2167 3000 2410 3065 clarius,

359 3120 586 3206 Neque
623 3121 851 3206 deero,
890 3120 1265 3207 ubicumque
1300 3142 1493 3207 opera
1525 3142 1666 3184 mea
1699 3121 1809 3184 tibi
1836 3122 1973 3183 usui
2002 3142 2141 3184 esso
2168 3122 2410 3207 poterit.

360 3240 600 3306 Ketelii
631 3243 682 3326 4)
737 3242 1124 3327 epigramma
1179 3240 1358 3306 valde
1409 3241 1561 3305 mihi
1611 3242 1861 3327 placuit.
1964 3240 2089 3303 Cur
2136 3242 2242 3305 ille
2290 3261 2410 3303 non

470 3412 512 3486 ¹)
602 3413 976 3473 Bibliotheca
1012 3414 1330 3489 promissa
1379 3418 1432 3469 et
1477 3414 1690 3469 latens.
1728 3412 1867 3469 Acc.
1920 3411 1991 3468 G.
2040 3410 2117 3467 H.
2165 3410 2418 3467 Velschii

367 3502 445 3559 de
494 3500 746 3575 scriptis
794 3500 927 3557 suis
973 3499 1225 3555 ineditis
1273 3499 1449 3573 epist.
1500 3497 1753 3556 Gondae
1800 3540 1811 3553 .
1862 3540 1875 3553 .
1925 3540 1938 3552 .
1989 3540 2000 3552 .
2056 3498 2234 3553 1688.

458 3580 511 3657 ²)
601 3584 860 3643 Carmen
905 3583 1056 3641 illud
1100 3583 1162 3640 in
1212 3582 1578 3640 Broukhusii
1626 3583 1821 3640 Poem.
1871 3599 1992 3638 non
2034 3581 2277 3658 legitur.

464 3666 514 3743 ³)
601 3670 870 3729 Joannes
913 3668 1146 3727 Brandt
1180 3670 1673 3743 (1660—1708),
1708 3666 1963 3725 Gerardi
1994 3668 2182 3741 filius,
2212 3671 2418 3743 pastor

364 3756 487 3815 fuit
561 3756 720 3833 apud
789 3756 1287 3821 Romonstrantes
1355 3759 1414 3812 et
1479 3753 1615 3810 aliis
1679 3752 1739 3809 in
1806 3753 2055 3811 urbibus
2102 3757 2162 3810 et
2204 3753 2417 3829 Hagae

368 3841 673 3900 ComItum
755 3846 814 3901 et
879 3839 1365 3898 Amstelaetlami.
1459 3839 1743 3897 Carmina
1793 3838 2042 3915 Belgica
2086 3838 2419 3913 composuit

368 3932 434 3987 el:
502 3927 689 3985 edidit
756 3944 810 3985 a.
886 3928 1046 3983 1702
1109 3926 1358 3982 librum:
1443 3924 1764 3983 Cla-rorum
1811 3926 2084 3983 virorum
2134 3925 2419 3998 epistolae

367 4004 604 4072 centum
641 4014 946 4087 ineditae,
996 4014 1068 4069 de
1100 4012 1277 4069 vario
1310 4012 1677 4069 eruditionis
1708 4028 1957 4086 yenere;
1990 4028 2017 4067 e
2051 4012 2296 4067 Musaeo
2328 4009 2417 4067 Ιο.

369 4098 636 4157 Brandt.
686 4098 1054 4155 Amstelaed.

459 4184 878 4241 Broukhusius
923 4182 1140 4239 librum
1190 4182 1454 4239 carmine
1503 4180 1833 4238 celebravit
1880 4180 1978 4255 (cf.
2030 4180 2245 4255 Poena,
2277 4200 2418 4258 pag.

372 4271 546 4342 247)
1996 4323 2003 4330 .

465 4351 516 4428 4)
606 4353 869 4412 Richard
935 4353 1115 4410 Ketel
1162 4372 1214 4411 a.
1268 4354 1423 4410 1701
1476 4357 1607 4410 erat
1650 4352 1869 4410 Rector
1915 4348 2226 4428 Gymnasii
2260 4348 2421 4409 Gou-

369 4440 540 4499 dani.
631 4440 703 4498 In
749 4438 1131 4497 Bibliotheca
1175 4438 1520 4497 Traiectina
1550 4444 1863 4499 servantur
1885 4437 2175 4497 nonnulla
2197 4436 2423 4497 Ketelii

372 4526 652 4589 carmina
693 4526 917 4587 Latina
957 4542 1140 4586 manu
1186 4525 1425 4606 scripta.
