<?xml version="1.0" encoding="UTF-8"?>
<!DOCTYPE html PUBLIC "-//W3C//DTD XHTML 1.0 Transitional//EN"
    "http://www.w3.org/TR/xhtml1/DTD/xhtml1-transitional.dtd">
<html xmlns="http://www.w3.org/1999/xhtml" xml:lang="en" lang="en">
 <head>
  <title>
</title>
<meta http-equiv="Content-Type" content="text/html;charset=utf-8" />
  <meta name='ocr-system' content='tesseract 3.04.00' />
  <meta name='ocr-capabilities' content='ocr_page ocr_carea ocr_par ocr_line ocrx_word'/>
</head>
<body>
  <div class='ocr_page' id='page_1' title='image "./epistolaeselect00worpgoog_0165.png"; bbox 0 0 2975 5209; ppageno 0'>
   <div class='ocr_carea' id='block_1_1' title="bbox 1357 490 1479 554">
    <p class='ocr_par' dir='ltr' id='par_1_1' title="bbox 1357 490 1479 554">
     <span class='ocr_line' id='line_1_1' title="bbox 1357 490 1479 554; baseline 0 -1"><span class='ocrx_word' id='word_1_1' title='bbox 1357 490 1479 554; x_wconf 89' lang='grc'>151</span> 
     </span>
    </p>
   </div>
   <div class='ocr_carea' id='block_1_2' title="bbox 394 683 2496 1710">
    <p class='ocr_par' dir='ltr' id='par_1_2' title="bbox 394 683 2496 1710">
     <span class='ocr_line' id='line_1_2' title="bbox 394 683 2462 774; baseline 0.001 -23"><span class='ocrx_word' id='word_1_2' title='bbox 394 687 566 752; x_wconf 75' lang='lat' dir='ltr'>visus</span> <span class='ocrx_word' id='word_1_3' title='bbox 615 685 790 750; x_wconf 87' lang='lat' dir='ltr'>fuero</span> <span class='ocrx_word' id='word_1_4' title='bbox 840 683 1196 772; x_wconf 84' lang='lat' dir='ltr'><strong>impegisse.</strong></span> <span class='ocrx_word' id='word_1_5' title='bbox 1301 683 1530 771; x_wconf 82' lang='lat' dir='ltr'>Neque</span> <span class='ocrx_word' id='word_1_6' title='bbox 1571 684 1735 748; x_wconf 88' lang='lat' dir='ltr'>enim</span> <span class='ocrx_word' id='word_1_7' title='bbox 1771 690 1864 749; x_wconf 87' lang='lat' dir='ltr'>est</span> <span class='ocrx_word' id='word_1_8' title='bbox 1898 686 2170 774; x_wconf 81' lang='lat' dir='ltr'>animus,</span> <span class='ocrx_word' id='word_1_9' title='bbox 2208 687 2315 752; x_wconf 89' lang='lat' dir='ltr'>ubi</span> <span class='ocrx_word' id='word_1_10' title='bbox 2346 689 2462 754; x_wconf 88' lang='lat' dir='ltr'>rite</span> 
     </span>
     <span class='ocr_line' id='line_1_3' title="bbox 398 804 2496 902; baseline 0.001 -31"><span class='ocrx_word' id='word_1_11' title='bbox 398 805 667 872; x_wconf 86' lang='lat' dir='ltr'>monitus</span> <span class='ocrx_word' id='word_1_12' title='bbox 717 827 858 890; x_wconf 87' lang='lat' dir='ltr'>erc,</span> <span class='ocrx_word' id='word_1_13' title='bbox 943 826 1186 902; x_wconf 84' lang='lat' dir='ltr'>errores</span> <span class='ocrx_word' id='word_1_14' title='bbox 1243 825 1418 868; x_wconf 85' lang='lat' dir='ltr'>meos</span> <span class='ocrx_word' id='word_1_15' title='bbox 1469 805 1634 890; x_wconf 82' lang='lat' dir='ltr'>turpi</span> <span class='ocrx_word' id='word_1_16' title='bbox 1679 804 2022 890; x_wconf 85' lang='lat' dir='ltr'>pertinacia</span> <span class='ocrx_word' id='word_1_17' title='bbox 2070 809 2226 871; x_wconf 80' lang='lat' dir='ltr'>tueri</span> <span class='ocrx_word' id='word_1_18' title='bbox 2278 814 2496 894; x_wconf 86' lang='lat' dir='ltr'>atque·</span> 
     </span>
     <span class='ocr_line' id='line_1_4' title="bbox 397 915 2462 1014; baseline 0.001 -24"><span class='ocrx_word' id='word_1_19' title='bbox 397 947 835 1014; x_wconf 85' lang='lat' dir='ltr'>propugnare,</span> <span class='ocrx_word' id='word_1_20' title='bbox 891 946 1049 1012; x_wconf 86' lang='lat' dir='ltr'>quae</span> <span class='ocrx_word' id='word_1_21' title='bbox 1103 925 1359 1011; x_wconf 87' lang='lat' dir='ltr'>propria</span> <span class='ocrx_word' id='word_1_22' title='bbox 1408 924 1523 988; x_wconf 89' lang='lat' dir='ltr'>dos</span> <span class='ocrx_word' id='word_1_23' title='bbox 1575 915 1667 988; x_wconf 88' lang='lat' dir='ltr'>est</span> <span class='ocrx_word' id='word_1_24' title='bbox 1718 924 2174 1012; x_wconf 83' lang='lat' dir='ltr'>Schoppiorum</span> <span class='ocrx_word' id='word_1_25' title='bbox 2215 928 2462 993; x_wconf 88' lang='lat' dir='ltr'>hodier-</span> 
     </span>
     <span class='ocr_line' id='line_1_5' title="bbox 401 1045 2458 1130; baseline 0 -18"><span class='ocrx_word' id='word_1_26' title='bbox 401 1068 640 1112; x_wconf 88' lang='lat' dir='ltr'><strong>norum.</strong></span> <span class='ocrx_word' id='word_1_27' title='bbox 715 1045 892 1110; x_wconf 91' lang='lat' dir='ltr'>Bene</span> <span class='ocrx_word' id='word_1_28' title='bbox 925 1046 1083 1110; x_wconf 88' lang='lat' dir='ltr'>inter</span> <span class='ocrx_word' id='word_1_29' title='bbox 1117 1045 1314 1109; x_wconf 87' lang='lat' dir='ltr'>bonos</span> <span class='ocrx_word' id='word_1_30' title='bbox 1357 1045 1458 1129; x_wconf 84' lang='lat' dir='ltr'>agi</span> <span class='ocrx_word' id='word_1_31' title='bbox 1492 1052 1814 1130; x_wconf 86' lang='lat' dir='ltr'>oportere,</span> <span class='ocrx_word' id='word_1_32' title='bbox 1845 1047 1979 1129; x_wconf 87' lang='lat' dir='ltr'>jam</span> <span class='ocrx_word' id='word_1_33' title='bbox 2016 1047 2163 1110; x_wconf 91' lang='lat' dir='ltr'>olim</span> <span class='ocrx_word' id='word_1_34' title='bbox 2196 1048 2458 1112; x_wconf 88' lang='lat' dir='ltr'>Plautus</span> 
     </span>
     <span class='ocr_line' id='line_1_6' title="bbox 401 1164 2457 1252; baseline 0.001 -22"><span class='ocrx_word' id='word_1_35' title='bbox 401 1172 610 1231; x_wconf 87' lang='lat' dir='ltr'>noster</span> <span class='ocrx_word' id='word_1_36' title='bbox 675 1166 1110 1252; x_wconf 36' lang='lat' dir='ltr'>pronuntiavit...</span> <span class='ocrx_word' id='word_1_37' title='bbox 1212 1164 1315 1228; x_wconf 89' lang='lat' dir='ltr'>Me</span> <span class='ocrx_word' id='word_1_38' title='bbox 1382 1185 1531 1228; x_wconf 87' lang='lat' dir='ltr'>vero</span> <span class='ocrx_word' id='word_1_39' title='bbox 1596 1165 1771 1249; x_wconf 88' lang='lat' dir='ltr'>piget</span> <span class='ocrx_word' id='word_1_40' title='bbox 1839 1187 1910 1228; x_wconf 85' lang='lat' dir='ltr'>ac</span> <span class='ocrx_word' id='word_1_41' title='bbox 1978 1167 2187 1231; x_wconf 85' lang='lat' dir='ltr'>taedet</span> <span class='ocrx_word' id='word_1_42' title='bbox 2237 1168 2457 1232; x_wconf 90' lang='lat' dir='ltr'>harum</span> 
     </span>
     <span class='ocr_line' id='line_1_7' title="bbox 405 1285 2460 1371; baseline 0.001 -19"><span class='ocrx_word' id='word_1_43' title='bbox 405 1289 758 1371; x_wconf 83' lang='lat' dir='ltr'>literarum,</span> <span class='ocrx_word' id='word_1_44' title='bbox 831 1285 1342 1371; x_wconf 82' lang='lat' dir='ltr'>quotiescumque</span> <span class='ocrx_word' id='word_1_45' title='bbox 1405 1285 1771 1348; x_wconf 85' lang='lat' dir='ltr'>hodiernam</span> <span class='ocrx_word' id='word_1_46' title='bbox 1826 1287 2069 1352; x_wconf 88' lang='lat' dir='ltr'>intueor</span> <span class='ocrx_word' id='word_1_47' title='bbox 2116 1289 2460 1354; x_wconf 88' lang='lat' dir='ltr'>studiorum</span> 
     </span>
     <span class='ocr_line' id='line_1_8' title="bbox 404 1403 2454 1492; baseline 0 -20"><span class='ocrx_word' id='word_1_48' title='bbox 404 1406 838 1472; x_wconf 87' lang='lat' dir='ltr'>conditionem.</span> <span class='ocrx_word' id='word_1_49' title='bbox 938 1403 1064 1468; x_wconf 80' lang='lat' dir='ltr'>Sed</span> <span class='ocrx_word' id='word_1_50' title='bbox 1131 1404 1290 1468; x_wconf 85' lang='lat' dir='ltr'>haec</span> <span class='ocrx_word' id='word_1_51' title='bbox 1348 1411 1480 1468; x_wconf 85' lang='lat' dir='ltr'>erat</span> <span class='ocrx_word' id='word_1_52' title='bbox 1528 1404 1781 1468; x_wconf 87' lang='lat' dir='ltr'>alterius</span> <span class='ocrx_word' id='word_1_53' title='bbox 1834 1407 2131 1492; x_wconf 87' lang='lat' dir='ltr'>temporis</span> <span class='ocrx_word' id='word_1_54' title='bbox 2182 1409 2454 1492; x_wconf 90' lang='lat' dir='ltr'>querela.</span> 
     </span>
     <span class='ocr_line' id='line_1_9' title="bbox 405 1524 2456 1612; baseline 0.001 -22"><span class='ocrx_word' id='word_1_55' title='bbox 405 1525 507 1590; x_wconf 84' lang='lat' dir='ltr'>Tu</span> <span class='ocrx_word' id='word_1_56' title='bbox 555 1526 731 1612; x_wconf 86' lang='lat' dir='ltr'>vale,</span> <span class='ocrx_word' id='word_1_57' title='bbox 785 1525 872 1588; x_wconf 88' lang='lat' dir='ltr'>mi</span> <span class='ocrx_word' id='word_1_58' title='bbox 918 1524 1205 1609; x_wconf 85' lang='lat' dir='ltr'>Hesse]i‚</span> <span class='ocrx_word' id='word_1_59' title='bbox 1261 1528 1321 1588; x_wconf 88' lang='lat' dir='ltr'>et</span> <span class='ocrx_word' id='word_1_60' title='bbox 1369 1544 1511 1608; x_wconf 85' lang='lat' dir='ltr'>me,</span> <span class='ocrx_word' id='word_1_61' title='bbox 1569 1525 1733 1608; x_wconf 94' lang='lat' dir='ltr'>quod</span> <span class='ocrx_word' id='word_1_62' title='bbox 1769 1524 1961 1607; x_wconf 88' lang='lat' dir='ltr'>facis,</span> <span class='ocrx_word' id='word_1_63' title='bbox 2003 1547 2213 1590; x_wconf 87' lang='lat' dir='ltr'>amare</span> <span class='ocrx_word' id='word_1_64' title='bbox 2244 1548 2456 1612; x_wconf 87' lang='lat' dir='ltr'>perge.</span> 
     </span>
     <span class='ocr_line' id='line_1_10' title="bbox 502 1641 2360 1710; baseline 0.001 -2"><span class='ocrx_word' id='word_1_65' title='bbox 502 1643 848 1710; x_wconf 90' lang='lat' dir='ltr'>Amstelod.</span> <span class='ocrx_word' id='word_1_66' title='bbox 899 1644 959 1708; x_wconf 91' lang='lat' dir='ltr'>in</span> <span class='ocrx_word' id='word_1_67' title='bbox 1013 1664 1225 1708; x_wconf 88' lang='lat' dir='ltr'>eremo</span> <span class='ocrx_word' id='word_1_68' title='bbox 1277 1641 1653 1707; x_wconf 87' lang='lat' dir='ltr'>suburbano.</span> <span class='ocrx_word' id='word_1_69' title='bbox 1710 1645 1748 1706; x_wconf 88' lang='lat'>5</span> <span class='ocrx_word' id='word_1_70' title='bbox 1801 1642 2103 1709; x_wconf 85' lang='lat' dir='ltr'>Februar.</span> <span class='ocrx_word' id='word_1_71' title='bbox 2162 1647 2360 1710; x_wconf 84' lang='lat'>1702.</span> 
     </span>
    </p>
   </div>
   <div class='ocr_carea' id='block_1_3' title="bbox 1232 1815 1590 1832">
    <p class='ocr_par' dir='ltr' id='par_1_3' title="bbox 1232 1815 1590 1832">
     <span class='ocr_line' id='line_1_11' title="bbox 1232 1815 1590 1832; baseline -0.006 0"><span class='ocrx_word' id='word_1_72' title='bbox 1232 1815 1590 1832; x_wconf 58' lang='grc' dir='ltr'>ΝΙ-ΓΝΙ-ΓΦΜΛΛ</span> 
     </span>
    </p>
   </div>
   <div class='ocr_carea' id='block_1_4' title="bbox 1284 1942 1581 2007">
    <p class='ocr_par' dir='ltr' id='par_1_4' title="bbox 1284 1942 1581 2007">
     <span class='ocr_line' id='line_1_12' title="bbox 1284 1942 1581 2007; baseline 0 -1"><span class='ocrx_word' id='word_1_73' title='bbox 1284 1942 1581 2007; x_wconf 84' lang='grc' dir='ltr'><strong>ΟΧΧΙΧ.</strong></span> 
     </span>
    </p>
   </div>
   <div class='ocr_carea' id='block_1_5' title="bbox 1056 2083 1828 2260">
    <p class='ocr_par' dir='ltr' id='par_1_5' title="bbox 1056 2083 1828 2260">
     <span class='ocr_line' id='line_1_13' title="bbox 1056 2083 1828 2167; baseline -0.001 -18"><span class='ocrx_word' id='word_1_74' title='bbox 1056 2086 1248 2149; x_wconf 81' lang='lat' dir='ltr'>loanni</span> <span class='ocrx_word' id='word_1_75' title='bbox 1295 2083 1541 2167; x_wconf 74' lang='lat' dir='ltr'>Geor-uio</span> <span class='ocrx_word' id='word_1_76' title='bbox 1588 2084 1828 2149; x_wconf 77' lang='lat' dir='ltr'>Graevio</span> 
     </span>
     <span class='ocr_line' id='line_1_14' title="bbox 1131 2195 1745 2260; baseline 0.002 -2"><span class='ocrx_word' id='word_1_77' title='bbox 1131 2197 1298 2259; x_wconf 79' lang='lat' dir='ltr'>lanus</span> <span class='ocrx_word' id='word_1_78' title='bbox 1343 2195 1745 2260; x_wconf 78' lang='lat' dir='ltr'>Broukhusius.</span> 
     </span>
    </p>
   </div>
   <div class='ocr_carea' id='block_1_6' title="bbox 408 2334 2474 4100">
    <p class='ocr_par' dir='ltr' id='par_1_6' title="bbox 408 2334 2474 4100">
     <span class='ocr_line' id='line_1_15' title="bbox 503 2334 2464 2422; baseline -0.003 -18"><span class='ocrx_word' id='word_1_79' title='bbox 503 2340 851 2404; x_wconf 89' lang='lat' dir='ltr'>Plurimum</span> <span class='ocrx_word' id='word_1_80' title='bbox 901 2345 962 2403; x_wconf 90' lang='lat' dir='ltr'>te</span> <span class='ocrx_word' id='word_1_81' title='bbox 1014 2359 1206 2422; x_wconf 80' lang='lat' dir='ltr'>am0‚</span> <span class='ocrx_word' id='word_1_82' title='bbox 1261 2337 1344 2400; x_wconf 90' lang='lat' dir='ltr'>mi</span> <span class='ocrx_word' id='word_1_83' title='bbox 1396 2334 1663 2418; x_wconf 84' lang='lat' dir='ltr'>Graevi,</span> <span class='ocrx_word' id='word_1_84' title='bbox 1716 2335 1792 2400; x_wconf 91' lang='lat' dir='ltr'>de</span> <span class='ocrx_word' id='word_1_85' title='bbox 1839 2337 1958 2400; x_wconf 89' lang='lat' dir='ltr'>ista</span> <span class='ocrx_word' id='word_1_86' title='bbox 2007 2342 2111 2399; x_wconf 84' lang='lat' dir='ltr'>tua</span> <span class='ocrx_word' id='word_1_87' title='bbox 2156 2336 2262 2421; x_wconf 82' lang='lat' dir='ltr'>pia</span> <span class='ocrx_word' id='word_1_88' title='bbox 2294 2337 2464 2400; x_wconf 89' lang='lat' dir='ltr'>solli-</span> 
     </span>
     <span class='ocr_line' id='line_1_16' title="bbox 408 2456 2460 2545; baseline -0.003 -20"><span class='ocrx_word' id='word_1_89' title='bbox 408 2461 676 2525; x_wconf 86' lang='lat' dir='ltr'>citudine</span> <span class='ocrx_word' id='word_1_90' title='bbox 738 2480 926 2545; x_wconf 90' lang='lat' dir='ltr'>super</span> <span class='ocrx_word' id='word_1_91' title='bbox 991 2465 1155 2522; x_wconf 87' lang='lat' dir='ltr'>statu</span> <span class='ocrx_word' id='word_1_92' title='bbox 1217 2477 1396 2520; x_wconf 89' lang='lat' dir='ltr'>meae</span> <span class='ocrx_word' id='word_1_93' title='bbox 1454 2456 1860 2542; x_wconf 78' lang='lat' dir='ltr'>valetudiniS,</span> <span class='ocrx_word' id='word_1_94' title='bbox 1914 2456 2022 2520; x_wconf 90' lang='lat' dir='ltr'>diu</span> <span class='ocrx_word' id='word_1_95' title='bbox 2070 2477 2142 2520; x_wconf 87' lang='lat' dir='ltr'>ac</span> <span class='ocrx_word' id='word_1_96' title='bbox 2191 2457 2460 2542; x_wconf 87' lang='lat' dir='ltr'>pertina-</span> 
     </span>
     <span class='ocr_line' id='line_1_17' title="bbox 409 2575 2463 2664; baseline -0.001 -21"><span class='ocrx_word' id='word_1_97' title='bbox 409 2581 560 2644; x_wconf 79' lang='lat' dir='ltr'>citer</span> <span class='ocrx_word' id='word_1_98' title='bbox 616 2580 914 2664; x_wconf 83' lang='lat' dir='ltr'>afflictae,</span> <span class='ocrx_word' id='word_1_99' title='bbox 970 2585 1030 2642; x_wconf 92' lang='lat' dir='ltr'>et</span> <span class='ocrx_word' id='word_1_100' title='bbox 1079 2577 1317 2662; x_wconf 85' lang='lat' dir='ltr'>grande</span> <span class='ocrx_word' id='word_1_101' title='bbox 1368 2575 1622 2662; x_wconf 87' lang='lat' dir='ltr'>aliquod</span> <span class='ocrx_word' id='word_1_102' title='bbox 1672 2577 1906 2639; x_wconf 89' lang='lat' dir='ltr'>malum</span> <span class='ocrx_word' id='word_1_103' title='bbox 1955 2576 2258 2640; x_wconf 88' lang='lat' dir='ltr'>minantis.</span> <span class='ocrx_word' id='word_1_104' title='bbox 2358 2575 2463 2640; x_wconf 89' lang='lat' dir='ltr'>Me</span> 
     </span>
     <span class='ocr_line' id='line_1_18' title="bbox 411 2695 2463 2784; baseline -0.002 -20"><span class='ocrx_word' id='word_1_105' title='bbox 411 2707 614 2764; x_wconf 86' lang='lat' dir='ltr'>tamen</span> <span class='ocrx_word' id='word_1_106' title='bbox 690 2699 962 2784; x_wconf 84' lang='lat' dir='ltr'>respexit</span> <span class='ocrx_word' id='word_1_107' title='bbox 1035 2697 1158 2762; x_wconf 91' lang='lat' dir='ltr'>Dei</span> <span class='ocrx_word' id='word_1_108' title='bbox 1233 2695 1593 2772; x_wconf 85' lang='lat' dir='ltr'>clementia,</span> <span class='ocrx_word' id='word_1_109' title='bbox 1659 2702 1850 2781; x_wconf 89' lang='lat' dir='ltr'>atque</span> <span class='ocrx_word' id='word_1_110' title='bbox 1901 2718 1978 2762; x_wconf 84' lang='lat' dir='ltr'>ex</span> <span class='ocrx_word' id='word_1_111' title='bbox 2029 2696 2125 2759; x_wconf 92' lang='lat' dir='ltr'>his</span> <span class='ocrx_word' id='word_1_112' title='bbox 2174 2696 2463 2760; x_wconf 89' lang='lat' dir='ltr'>fluctibus</span> 
     </span>
     <span class='ocr_line' id='line_1_19' title="bbox 413 2814 2460 2906; baseline -0.002 -23"><span class='ocrx_word' id='word_1_113' title='bbox 413 2821 582 2906; x_wconf 90' lang='lat' dir='ltr'>longi</span> <span class='ocrx_word' id='word_1_114' title='bbox 629 2819 831 2883; x_wconf 89' lang='lat' dir='ltr'>morbi</span> <span class='ocrx_word' id='word_1_115' title='bbox 878 2817 1203 2904; x_wconf 82' lang='lat' dir='ltr'>paullatim</span> <span class='ocrx_word' id='word_1_116' title='bbox 1253 2815 1480 2901; x_wconf 86' lang='lat' dir='ltr'>eripuit</span> <span class='ocrx_word' id='word_1_117' title='bbox 1525 2818 1588 2900; x_wconf 91' lang='lat'>¹).</span> <span class='ocrx_word' id='word_1_118' title='bbox 1690 2814 1973 2879; x_wconf 86' lang='lat' dir='ltr'>Haerent</span> <span class='ocrx_word' id='word_1_119' title='bbox 2024 2822 2228 2880; x_wconf 86' lang='lat' dir='ltr'>tamen</span> <span class='ocrx_word' id='word_1_120' title='bbox 2280 2818 2460 2881; x_wconf 85' lang='lat' dir='ltr'>vesti-</span> 
     </span>
     <span class='ocr_line' id='line_1_20' title="bbox 414 2933 2460 3024; baseline -0.002 -22"><span class='ocrx_word' id='word_1_121' title='bbox 414 2940 553 3024; x_wconf 88' lang='lat' dir='ltr'>gia,</span> <span class='ocrx_word' id='word_1_122' title='bbox 609 2944 669 3001; x_wconf 86' lang='lat' dir='ltr'>et</span> <span class='ocrx_word' id='word_1_123' title='bbox 716 2938 879 3001; x_wconf 91' lang='lat' dir='ltr'>lente</span> <span class='ocrx_word' id='word_1_124' title='bbox 930 2936 1339 3015; x_wconf 84' lang='lat' dir='ltr'>convalesco,</span> <span class='ocrx_word' id='word_1_125' title='bbox 1389 2933 1654 2998; x_wconf 87' lang='lat' dir='ltr'>fortasse</span> <span class='ocrx_word' id='word_1_126' title='bbox 1703 2942 1960 3020; x_wconf 88' lang='lat' dir='ltr'>propter</span> <span class='ocrx_word' id='word_1_127' title='bbox 2007 2936 2238 2998; x_wconf 88' lang='lat' dir='ltr'>malam</span> <span class='ocrx_word' id='word_1_128' title='bbox 2271 2936 2460 3020; x_wconf 87' lang='lat' dir='ltr'>hujus</span> 
     </span>
     <span class='ocr_line' id='line_1_21' title="bbox 415 3025 2463 3141; baseline -0.001 -19"><span class='ocrx_word' id='word_1_129' title='bbox 415 3025 635 3123; x_wconf 65' lang='lat' dir='ltr'>hiemis</span> <span class='ocrx_word' id='word_1_130' title='bbox 684 3056 1134 3141; x_wconf 87' lang='lat' dir='ltr'>intemperiem.</span> <span class='ocrx_word' id='word_1_131' title='bbox 1236 3052 1382 3116; x_wconf 85' lang='lat' dir='ltr'>Tibi</span> <span class='ocrx_word' id='word_1_132' title='bbox 1429 3055 1663 3136; x_wconf 87' lang='lat' dir='ltr'>gratias</span> <span class='ocrx_word' id='word_1_133' title='bbox 1715 3052 1917 3117; x_wconf 90' lang='lat' dir='ltr'>debeo</span> <span class='ocrx_word' id='word_1_134' title='bbox 1952 3075 2069 3138; x_wconf 83' lang='lat' dir='ltr'>pro</span> <span class='ocrx_word' id='word_1_135' title='bbox 2105 3055 2463 3119; x_wconf 88' lang='lat' dir='ltr'>doctissimo</span> 
     </span>
     <span class='ocr_line' id='line_1_22' title="bbox 415 3171 2466 3260; baseline -0.002 -19"><span class='ocrx_word' id='word_1_136' title='bbox 415 3177 934 3241; x_wconf 81' lang='lat' dir='ltr'>Dissertationum</span> <span class='ocrx_word' id='word_1_137' title='bbox 984 3178 1373 3260; x_wconf 80' lang='lat' dir='ltr'>syntagmate</span> <span class='ocrx_word' id='word_1_138' title='bbox 1403 3174 1493 3257; x_wconf 86' lang='grc'>2),</span> <span class='ocrx_word' id='word_1_139' title='bbox 1548 3171 1725 3254; x_wconf 91' lang='lat' dir='ltr'>cujus</span> <span class='ocrx_word' id='word_1_140' title='bbox 1774 3172 2008 3235; x_wconf 86' lang='lat' dir='ltr'>utinam</span> <span class='ocrx_word' id='word_1_141' title='bbox 2057 3173 2239 3257; x_wconf 88' lang='lat' dir='ltr'>plura</span> <span class='ocrx_word' id='word_1_142' title='bbox 2271 3173 2466 3237; x_wconf 87' lang='lat' dir='ltr'>habe-</span> 
     </span>
     <span class='ocr_line' id='line_1_23' title="bbox 415 3291 2474 3380; baseline -0.003 -19"><span class='ocrx_word' id='word_1_143' title='bbox 415 3318 620 3362; x_wconf 89' lang='lat' dir='ltr'>remus</span> <span class='ocrx_word' id='word_1_144' title='bbox 655 3295 911 3380; x_wconf 83' lang='lat' dir='ltr'>similia,</span> <span class='ocrx_word' id='word_1_145' title='bbox 950 3300 1009 3358; x_wconf 90' lang='lat' dir='ltr'>et</span> <span class='ocrx_word' id='word_1_146' title='bbox 1041 3292 1410 3379; x_wconf 86' lang='lat' dir='ltr'>persuaderi</span> <span class='ocrx_word' id='word_1_147' title='bbox 1442 3291 1854 3377; x_wconf 86' lang='lat' dir='ltr'>typographis</span> <span class='ocrx_word' id='word_1_148' title='bbox 1892 3291 2217 3377; x_wconf 89' lang='lat' dir='ltr'>aliquando</span> <span class='ocrx_word' id='word_1_149' title='bbox 2256 3298 2474 3377; x_wconf 90' lang='lat' dir='ltr'>posset</span> 
     </span>
     <span class='ocr_line' id='line_1_24' title="bbox 415 3409 2472 3500; baseline -0.004 -19"><span class='ocrx_word' id='word_1_150' title='bbox 415 3424 481 3481; x_wconf 91' lang='lat' dir='ltr'>ut</span> <span class='ocrx_word' id='word_1_151' title='bbox 552 3416 802 3500; x_wconf 88' lang='lat' dir='ltr'>rejectis</span> <span class='ocrx_word' id='word_1_152' title='bbox 873 3414 1196 3478; x_wconf 90' lang='lat' dir='ltr'>hominum</span> <span class='ocrx_word' id='word_1_153' title='bbox 1276 3409 1681 3496; x_wconf 89' lang='lat' dir='ltr'>quorumdam</span> <span class='ocrx_word' id='word_1_154' title='bbox 1732 3430 2037 3473; x_wconf 87' lang='lat' dir='ltr'>novorum</span> <span class='ocrx_word' id='word_1_155' title='bbox 2084 3411 2472 3496; x_wconf 88' lang='lat' dir='ltr'>nugamentis</span> 
     </span>
     <span class='ocr_line' id='line_1_25' title="bbox 417 3529 2474 3620; baseline -0.005 -18"><span class='ocrx_word' id='word_1_156' title='bbox 417 3540 780 3602; x_wconf 83' lang='lat' dir='ltr'>revocarent</span> <span class='ocrx_word' id='word_1_157' title='bbox 841 3534 1048 3620; x_wconf 88' lang='lat' dir='ltr'>potius</span> <span class='ocrx_word' id='word_1_158' title='bbox 1114 3533 1175 3595; x_wconf 90' lang='lat' dir='ltr'>in</span> <span class='ocrx_word' id='word_1_159' title='bbox 1245 3532 1447 3593; x_wconf 91' lang='lat' dir='ltr'>lucem</span> <span class='ocrx_word' id='word_1_160' title='bbox 1513 3530 1741 3614; x_wconf 84' lang='lat' dir='ltr'>scripta</span> <span class='ocrx_word' id='word_1_161' title='bbox 1791 3529 2117 3592; x_wconf 88' lang='lat' dir='ltr'>utilissima</span> <span class='ocrx_word' id='word_1_162' title='bbox 2166 3530 2474 3593; x_wconf 90' lang='lat' dir='ltr'>clarorum</span> 
     </span>
     <span class='ocr_line' id='line_1_26' title="bbox 415 3648 2473 3741; baseline -0.003 -22"><span class='ocrx_word' id='word_1_163' title='bbox 415 3657 836 3741; x_wconf 87' lang='lat' dir='ltr'>ingeniorum,</span> <span class='ocrx_word' id='word_1_164' title='bbox 908 3672 1065 3739; x_wconf 89' lang='lat' dir='ltr'>quae</span> <span class='ocrx_word' id='word_1_165' title='bbox 1129 3650 1298 3714; x_wconf 91' lang='lat' dir='ltr'>nullo</span> <span class='ocrx_word' id='word_1_166' title='bbox 1371 3669 1482 3713; x_wconf 92' lang='lat' dir='ltr'>suo</span> <span class='ocrx_word' id='word_1_167' title='bbox 1532 3648 1752 3712; x_wconf 91' lang='lat' dir='ltr'>merito</span> <span class='ocrx_word' id='word_1_168' title='bbox 1800 3648 1863 3712; x_wconf 88' lang='lat' dir='ltr'>in</span> <span class='ocrx_word' id='word_1_169' title='bbox 1914 3650 2034 3712; x_wconf 88' lang='lat' dir='ltr'>situ</span> <span class='ocrx_word' id='word_1_170' title='bbox 2082 3670 2241 3712; x_wconf 90' lang='lat' dir='ltr'>nunc</span> <span class='ocrx_word' id='word_1_171' title='bbox 2289 3653 2473 3735; x_wconf 87' lang='lat' dir='ltr'>atque</span> 
     </span>
     <span class='ocr_line' id='line_1_27' title="bbox 417 3759 2474 3856; baseline -0.004 -18"><span class='ocrx_word' id='word_1_172' title='bbox 417 3775 476 3838; x_wconf 90' lang='lat' dir='ltr'>in</span> <span class='ocrx_word' id='word_1_173' title='bbox 550 3773 820 3838; x_wconf 86' lang='lat' dir='ltr'>tenebris</span> <span class='ocrx_word' id='word_1_174' title='bbox 889 3773 1117 3856; x_wconf 87' lang='lat' dir='ltr'>jacent.</span> <span class='ocrx_word' id='word_1_175' title='bbox 1221 3759 1624 3852; x_wconf 85' lang='lat' dir='ltr'>Propertium</span> <span class='ocrx_word' id='word_1_176' title='bbox 1696 3788 1939 3842; x_wconf 49' lang='lat' dir='ltr'>meum,</span> <span class='ocrx_word' id='word_1_177' title='bbox 1980 3767 2163 3831; x_wconf 90' lang='lat' dir='ltr'>credo</span> <span class='ocrx_word' id='word_1_178' title='bbox 2233 3767 2474 3850; x_wconf 79' lang='lat' dir='ltr'>tejam</span> 
     </span>
     <span class='ocr_line' id='line_1_28' title="bbox 419 3885 2468 3980; baseline -0.004 -22"><span class='ocrx_word' id='word_1_179' title='bbox 419 3894 771 3980; x_wconf 86' lang='lat' dir='ltr'>accepisse,</span> <span class='ocrx_word' id='word_1_180' title='bbox 847 3893 951 3978; x_wconf 91' lang='lat' dir='ltr'>qui</span> <span class='ocrx_word' id='word_1_181' title='bbox 997 3891 1238 3954; x_wconf 88' lang='lat' dir='ltr'>utinam</span> <span class='ocrx_word' id='word_1_182' title='bbox 1291 3908 1411 3951; x_wconf 89' lang='lat' dir='ltr'>non</span> <span class='ocrx_word' id='word_1_183' title='bbox 1459 3887 1637 3950; x_wconf 87' lang='lat' dir='ltr'>fallat</span> <span class='ocrx_word' id='word_1_184' title='bbox 1684 3892 1854 3950; x_wconf 88' lang='lat' dir='ltr'>tuam</span> <span class='ocrx_word' id='word_1_185' title='bbox 1904 3885 2468 3970; x_wconf 82' lang='lat' dir='ltr'>exspectationem!</span> 
     </span>
     <span class='ocr_line' id='line_1_29' title="bbox 421 4007 2468 4100; baseline -0.004 -24"><span class='ocrx_word' id='word_1_186' title='bbox 421 4011 732 4100; x_wconf 82' lang='lat' dir='ltr'>Quidquid</span> <span class='ocrx_word' id='word_1_187' title='bbox 780 4012 895 4096; x_wconf 85' lang='lat' dir='ltr'>sit,</span> <span class='ocrx_word' id='word_1_188' title='bbox 957 4011 1084 4076; x_wconf 92' lang='lat' dir='ltr'>noli</span> <span class='ocrx_word' id='word_1_189' title='bbox 1137 4008 1523 4075; x_wconf 83' lang='lat' dir='ltr'>committere</span> <span class='ocrx_word' id='word_1_190' title='bbox 1577 4007 1721 4092; x_wconf 83' lang='lat' dir='ltr'>quin</span> <span class='ocrx_word' id='word_1_191' title='bbox 1777 4027 1876 4070; x_wconf 91' lang='lat' dir='ltr'>me</span> <span class='ocrx_word' id='word_1_192' title='bbox 1928 4026 2143 4070; x_wconf 88' lang='lat' dir='ltr'>severe</span> <span class='ocrx_word' id='word_1_193' title='bbox 2175 4026 2468 4091; x_wconf 85' lang='lat' dir='ltr'>moneas,</span> 
     </span>
    </p>
   </div>
   <div class='ocr_carea' id='block_1_7' title="bbox 430 4185 833 4198">
    <p class='ocr_par' dir='ltr' id='par_1_7' title="bbox 430 4185 833 4198">
     <span class='ocr_line' id='line_1_30' title="bbox 430 4185 833 4198; baseline 0 1011"><span class='ocrx_word' id='word_1_194' title='bbox 430 4185 833 4198; x_wconf 95' lang='lat' dir='ltr'> </span> 
     </span>
    </p>
   </div>
   <div class='ocr_carea' id='block_1_8' title="bbox 421 4245 2476 4570">
    <p class='ocr_par' dir='ltr' id='par_1_8' title="bbox 517 4245 1974 4324">
     <span class='ocr_line' id='line_1_31' title="bbox 517 4245 1974 4324; baseline -0.005 -14"><span class='ocrx_word' id='word_1_195' title='bbox 517 4249 559 4324; x_wconf 92' lang='lat'>¹)</span> <span class='ocrx_word' id='word_1_196' title='bbox 647 4248 1068 4309; x_wconf 88' lang='lat' dir='ltr'>Broukhusius</span> <span class='ocrx_word' id='word_1_197' title='bbox 1113 4246 1334 4305; x_wconf 88' lang='lat' dir='ltr'>multos</span> <span class='ocrx_word' id='word_1_198' title='bbox 1381 4263 1572 4303; x_wconf 88' lang='lat' dir='ltr'>annos</span> <span class='ocrx_word' id='word_1_199' title='bbox 1618 4245 1974 4322; x_wconf 82' lang='lat' dir='ltr'>aegrotavit.</span> 
     </span>
    </p>

    <p class='ocr_par' dir='ltr' id='par_1_9' title="bbox 421 4330 2476 4570">
     <span class='ocr_line' id='line_1_32' title="bbox 508 4330 2473 4410; baseline -0.005 -15"><span class='ocrx_word' id='word_1_200' title='bbox 508 4338 553 4410; x_wconf 76' lang='grc'>2)</span> <span class='ocrx_word' id='word_1_201' title='bbox 643 4337 822 4394; x_wconf 87' lang='lat' dir='ltr'>Anno</span> <span class='ocrx_word' id='word_1_202' title='bbox 908 4335 1066 4392; x_wconf 84' lang='lat'>1702</span> <span class='ocrx_word' id='word_1_203' title='bbox 1135 4332 1358 4410; x_wconf 86' lang='lat' dir='ltr'>prodiit</span> <span class='ocrx_word' id='word_1_204' title='bbox 1425 4331 1688 4388; x_wconf 86' lang='lat' dir='ltr'>Traiecti</span> <span class='ocrx_word' id='word_1_205' title='bbox 1749 4330 2092 4408; x_wconf 76' lang='lat' dir='ltr'>Syutayma</span> <span class='ocrx_word' id='word_1_206' title='bbox 2153 4332 2473 4389; x_wconf 83' lang='lat' dir='ltr'>variarum</span> 
     </span>
     <span class='ocr_line' id='line_1_33' title="bbox 422 4417 2476 4494; baseline -0.004 -13"><span class='ocrx_word' id='word_1_207' title='bbox 422 4423 946 4481; x_wconf 81' lang='lat' dir='ltr'>Dissertationum</span> <span class='ocrx_word' id='word_1_208' title='bbox 991 4419 1352 4493; x_wconf 78' lang='lat' dir='ltr'>rariarum,</span> <span class='ocrx_word' id='word_1_209' title='bbox 1403 4435 1560 4494; x_wconf 80' lang='lat' dir='ltr'>quas</span> <span class='ocrx_word' id='word_1_210' title='bbox 1607 4417 1733 4473; x_wconf 81' lang='lat' dir='ltr'>viri</span> <span class='ocrx_word' id='word_1_211' title='bbox 1778 4418 2113 4476; x_wconf 80' lang='lat' dir='ltr'>doctissimi</span> <span class='ocrx_word' id='word_1_212' title='bbox 2157 4417 2476 4492; x_wconf 77' lang='lat' dir='ltr'>superiore</span> 
     </span>
     <span class='ocr_line' id='line_1_34' title="bbox 421 4501 2251 4570; baseline -0.005 -1"><span class='ocrx_word' id='word_1_213' title='bbox 421 4509 624 4570; x_wconf 77' lang='lat' dir='ltr'>seculo</span> <span class='ocrx_word' id='word_1_214' title='bbox 671 4507 1124 4570; x_wconf 79' lang='lat' dir='ltr'>elucubrarunt.</span> <span class='ocrx_word' id='word_1_215' title='bbox 1216 4504 1316 4562; x_wconf 76' lang='lat' dir='ltr'>Ex</span> <span class='ocrx_word' id='word_1_216' title='bbox 1363 4504 1615 4565; x_wconf 83' lang='lat' dir='ltr'>Musaeo</span> <span class='ocrx_word' id='word_1_217' title='bbox 1661 4501 1711 4561; x_wconf 92' lang='lat' dir='ltr'>I.</span> <span class='ocrx_word' id='word_1_218' title='bbox 1763 4501 1833 4560; x_wconf 73' lang='lat' dir='ltr'>G.</span> <span class='ocrx_word' id='word_1_219' title='bbox 1885 4503 2155 4562; x_wconf 78' lang='lat' dir='ltr'>Graevii.</span> <span class='ocrx_word' id='word_1_220' title='bbox 2246 4508 2251 4512; x_wconf 86' lang='lat'>&#39;</span> 
     </span>
    </p>
   </div>
  </div>
 </body>
</html>
