2975 5209
1339 505 1464 570 171

563 705 632 768 In
695 705 945 769 Gallum
1002 703 1438 769 coloniensem
1487 703 1587 787 (P.
1644 705 1804 786 269)
1861 706 2022 784 128,
2078 707 2228 771 129.

561 799 632 862 In
708 799 972 863 Gerardi
1041 805 1142 862 ten
1192 798 1361 884 Berg
1390 797 1891 884 ‘disputationem
1931 798 2263 882 juridicam
2316 801 2414 885 (P.

557 986 629 1051 In
657 987 953 1051 Gulielmi
979 985 1198 1072 Elgeri
1221 985 1622 1051 Emblemata
1645 987 1945 1051 amatoria
1965 987 2062 1072 (P.
2079 989 2239 1072 251)
2262 991 2413 1054 153.

556 1080 628 1145 In
678 1079 936 1146 Hem-ici
990 1081 1318 1146 Christiani
1369 1079 1665 1144 Henninii
1695 1080 1771 1144 de
1801 1080 2180 1146 Graecorum
2201 1103 2418 1147 accen·

649 1174 816 1242 tibus
866 1175 1364 1240 dissertationem
1413 1173 1513 1259 (Ρ.
1570 1176 1731 1259 253)
1784 1177 1891 1239 44.

551 1269 620 1334 In
673 1269 951 1334 Jesuitas
1002 1269 1223 1335 Gallos
1272 1269 1371 1355 (P.
1426 1271 1590 1354 331)
1644 1272 1749 1332 64.

549 1362 621 1428 In
695 1362 1011 1428 Joachimi
1086 1363 1371 1448 Targerii
1443 1362 1816 1428 Medicinam
1887 1365 2415 1450 compendiariam

548 1551 616 1617 In
669 1550 928 1616 Joannis
974 1550 1376 1617 Vollenhovii
1409 1550 1723 1616 Homilias
1751 1573 1960 1616 sacras
1987 1551 2085 1637 (P.
2119 1555 2280 1638 237)
2304 1557 2409 1620 46.

547 1645 618 1710 In
667 1645 975 1711 Licinium
1026 1653 1339 1710 tonsorem
1389 1644 1488 1730 (P.
1546 1648 1709 1731 267)
1761 1648 1869 1710 82.

547 1739 619 1804 In
668 1739 884 1805 Lucae
932 1740 1261 1826 Rotgansii
1312 1739 1695 1806 Gulielmida
1740 1739 1840 1825 (P.
1897 1741 2059 1825 247)
2116 1743 2267 1807 137.

546 1834 617 1898 In
692 1834 960 1899 natalem
1011 1885 1025 1899 .
1084 1885 1098 1900 .
1306 1833 1617 1920 Principis
1666 1833 1987 1899 Frederici
2033 1834 2131 1898 111
2178 1885 2192 1899 .
2249 1886 2264 1902 .
2320 1888 2333 1902 .
2390 1887 2405 1902 .

642 1927 742 2014 (P.
796 1931 960 2014 372)
1017 1932 1167 1994 123.

544 2023 615 2086 In
690 2022 972 2088 notitiam
1049 2022 1422 2088 Germaniae
1495 2021 1814 2086 Inferioris
1888 2023 2297 2109 conscriptam
2372 2047 2409 2088 a

635 2116 933 2183 Mensone
980 2116 1202 2203 Alting
1251 2167 1265 2181 .
1322 2167 1337 2180 .
1391 2166 1405 2181 .
1460 2167 1473 2181 .
1529 2115 1627 2201 (P.
1694 2117 1852 2202 129)
1908 2120 2058 2182 137.

547 2210 617 2274 In
667 2232 986 2277 nummum
1036 2235 1073 2276 a
1122 2212 1221 2277 Jo.
1252 2210 1440 2275 Fred.
1472 2211 1768 2275 Cramero
1797 2212 2204 2296 explicatum,
2231 2212 2408 2296 cujus

638 2306 1008 2392 epigraphe:
1039 2305 1240 2393 Capta
1269 2304 1555 2369 Caesaris
1579 2305 1789 2369 Insula
1804 2305 1902 2389 (P.
1921 2307 2083 2390 360)
2109 2309 2331 2370 69-7
2346 2309 2372 2370 1
2388 2359 2403 2372 .

545 2398 616 2462 In
666 2399 905 2465 obitum
952 2400 1260 2464 Hadriani
1308 2398 1481 2464 Junii
1532 2449 1545 2464 .
1602 2449 1615 2464 .
1672 2449 1685 2463 .
1742 2451 1756 2465 .
1812 2398 1910 2483 (P.
1965 2401 2126 2484 498)
2177 2402 2239 2464 3.

541 2492 612 2556 In
668 2493 905 2559 obitum
955 2493 1264 2559 Samuelis
1311 2492 1693 2559 Pufendorfii
1743 2493 1841 2577 (P.
1897 2495 2059 2578 376)
2114 2496 2264 2558 127.

547 2585 620 2650 ln
670 2589 1012 2674 pessimum
1062 2593 1449 2674 poetastrum
1500 2587 1600 2672 (Ρ.
1655 2590 1817 2670 339)
1868 2589 2018 2653 102.

547 2680 620 2745 In
667 2681 1031 2747 Petronium
1077 2683 1426 2747 larvatilem
1474 2681 1574 2766 (Ρ.
1635 2683 1791 2767 167)
1848 2684 1999 2747 103.

537 2773 610 2840 In
701 2777 968 2841 tumultu
1055 2777 1324 2862 quodam
1412 2777 1685 2862 graviter
1770 2778 2127 2841 vulneratus
2215 2797 2402 2863 opem

630 2869 906 2956 chirurgi
952 2871 1250 2956 implorat
1297 2869 1397 2955 (P.
1453 2871 1615 2955 272)
1668 2873 1748 2954 9,
1802 2873 1908 2936 98.

540 2962 612 3027 In
659 2965 1041 3030 vindemiam
1089 2965 1231 3029 anni
1261 2963 1747 3072 'MD-CLXXVI
1795 2965 1893 3046 (P.
1948 2967 2110 3050 484)
2162 2967 2264 3031 18.

536 3056 827 3124 Manibus
878 3058 1416 3124 commilitonum
1398 3080 1461 3122 1n
1495 3058 1695 3123 insula
1726 3057 2039 3123 Matanina
2073 3080 2399 3125 caesorum

538 3243 857 3311 Menalcas
906 3247 1005 3331 (P.
1068 3248 1225 3331 187)
1276 3248 1384 3312 40.

537 3339 979 3426 Navigantium
1031 3341 1355 3406 audaciam
1405 3340 1746 3405 detestatur
1794 3342 1891 3426 (P.
1949 3341 2111 3426 454)
2162 3343 2222 3407 7.

536 3431 1064 3520 Peregrinationis
1152 3455 1302 3500 suae
1387 3435 1785 3500 incommoda
1872 3436 2210 3501 detestatur
2295 3435 2394 3522 (P.

538 3619 713 3686 Petri
758 3622 1059 3708 Bernagii
1107 3622 1448 3688 Memoriae
1496 3622 1541 3687 S
1616 3623 1717 3710 (P.
1773 3626 1934 3709 292)
1985 3626 2125 3690 141.

535 3713 825 3781 Psalmus
873 3716 968 3780 VI
1020 3717 1122 3802 (Ρ.’
1175 3719 1336 3802 297)
1386 3720 1447 3782 7.

538 3808 831 3874 Psalmus
881 3810 1095 3875 XLIV
1147 3811 1245 3894 (P.
1303 3814 1463 3897 298)
1516 3814 1576 3876 7.

538 3901 893 3991 Responsio
945 3905 1026 3968 ad
1075 3905 1462 3991 epigramma
1512 3907 1610 3992 (P.
1664 3909 1826 3991 330)
1881 3910 1987 3972 64.

541 3995 668 4061 Ter
715 3996 1190 4083 gedachtenisse
1239 4020 1358 4063 van
1410 4050 1699 4065 .....
1747 4001 2021 4066 «Ioannes
2052 3999 2400 4067 Antonides

633 4112 750 4155 van
803 4091 914 4156 der
963 4091 1134 4158 Goes
1185 4093 1374 4178 (Ged.
1431 4095 1547 4180 51)
1598 4097 1742 4160 163.

534 4182 712 4270 Zang
760 4184 948 4270 (Ged.
1003 4187 1118 4272 31)
1169 4188 1273 4254 18.

535 4276 877 4364 Zwaantje.
977 4280 1423 4368 Herderszang
1472 4281 1662 4365 (Ged.
1722 4283 1786 4368 1)
1837 4285 1939 4348 18.

345 4368 731 4436 Broukhusii
782 4395 976 4459 opera
997 4397 1014 4437 ε

549 4463 885 4532 Amalthei
933 4468 1154 4532 fratres
1205 4471 1332 4555 58,
1386 4472 1493 4535 65.
