2975 5209
1511 515 1663 578 -150

1524 711 1674 775 127.

1033 851 1342 918 Theodoro
1395 851 1657 916 lanzonis
1703 851 1776 914 ab
1820 849 2175 914 ΑΙιιιοΙονοοιι

1299 963 1470 1027 lanus
1522 960 1923 1026 Broukhusius.

663 1102 850 1168 Mittit
914 1103 1308 1192 Propertium
1377 1124 1557 1168 suum
1609 1109 1691 1168 'et
1751 1102 2101 1190 gratulatur
2148 1121 2308 1166 nova
2354 1099 2641 1164 medicae

569 1223 974 1312 professionis
1023 1223 1320 1309 dignitate
1363 1224 1424 1308 ¹).

664 1339 1017 1408 Amstelod.
1067 1342 1131 1406 in
1183 1363 1393 1408 eremo
1445 1343 1825 1407 suburbano.
1882 1343 1921 1406 4
1972 1339 2273 1406 Februar.
2333 1339 2529 1405 1702.

1666 1540 1783 1556 sm

1421 1666 1780 1732 CXXVIII.

1301 1807 1344 1872 F
1344 1808 1613 1872 ranciaco
1658 1807 1917 1872 Hesselio

1300 1920 1472 1983 lanus
1520 1917 1920 1983 Broukhusius.

861 2061 1070 2142 Quam
1118 2079 1314 2144 paene
1345 2060 1597 2145 furvae
1646 2080 1853 2145 reyna
1903 2057 2360 2144 Proserpinae,

856 2179 946 2245 Et
980 2179 1388 2265 judicantem
1439 2179 1721 2243 vidimus
1774 2180 2107 2242 Aeacum!
2157 2180 2207 2260 2)
2302 2235 2307 2238 .

662 2297 761 2363 Ita
829 2305 958 2383 est,
1018 2299 1107 2363 mi
1152 2297 1443 2364 Hesseli:
1501 2319 1642 2362 nam
1693 2299 1855 2362 ultra
1902 2299 2084 2361 trium
2132 2297 2440 2362 mensium
2489 2318 2637 2382 spa-

571 2417 725 2482 tium
772 2438 874 2484 me
921 2418 1172 2483 vexavit
1219 2416 1410 2483 febris
1463 2416 1857 2504 quotidiana,
1904 2438 2043 2482 cum
2080 2416 2296 2483 odioso
2332 2416 2630 2480 comitatu

570 2535 860 2602 dolorum
907 2536 1412 2625 nephriticorum.
1514 2537 1679 2600 Hinc
1711 2537 2111 2622 factumest,
2149 2541 2215 2600 ιιι
2248 2534 2629 2622 respondere

567 2655 950 2743 nequiverim
998 2657 1076 2721 ad
1126 2657 1336 2722 literas
1387 2663 1560 2737 tuas,
1642 2677 1841 2744 neque
1890 2655 2048 2721 adeo
2101 2655 2344 2720 debitas
2394 2654 2628 2740 gratias

570 2796 758 2867 agere
824 2797 940 2862 pro
1002 2776 1274 2862 honore,
1329 2797 1449 2862 quo
1502 2796 1601 2841 me
1652 2784 1923 2841 mactum
1974 2797 2111 2841 esse
2158 2775 2411 2841 voluisti
2458 2774 2630 2840 dedi-

569 2895 812 2961 catione
878 2901 1126 2961 tuorum
1198 2894 1505 2961 Otiorum.
1606 2894 1690 2960 Ει
1740 2896 1926 2961 credo
1981 2895 2303 2962 excusavit
2349 2917 2451 2959 me
2490 2894 2629 2979 jam

569 3012 813 3103 pridem
862 3013 1032 3101 apud
1077 3020 1140 3080 te
1189 3013 1492 3080 Francius
1541 3020 1789 3079 noster:
1868 3015 1953 3079 ita
2003 3021 2169 3080 certe
2218 3035 2339 3101 ego
2390 3013 2468 3078 ab
2514 3014 2629 3080 illo

572 3133 1047 3221 contenderam‚
1102 3142 1166 3198 et
1213 3134 1321 3199 ille
1354 3132 1663 3199 facturum
1698 3142 2037 3221 receperat.
2112 3134 2293 3198 Nunc
2338 3134 2450 3199 tibi
2485 3155 2629 3218 eg0,

570 3252 659 3317 mi
703 3252 996 3340 Hesseli,
1047 3274 1159 3340 pro
1213 3254 1332 3316 ista
1380 3253 1627 3341 prolixa
1666 3254 1852 3317 animi
1888 3253 1979 3317 tui
2012 3254 2335 3339 comitate,
2383 3253 2628 3342 quando

570 3393 812 3460 nequeo
863 3372 1078 3458 aliter,
1133 3372 1531 3458 Propertium
1586 3393 1796 3437 meum
1847 3373 2062 3458 mitto,
2118 3394 2304 3459 quem
2350 3379 2419 3436 tu
2457 3379 2521 3436 ιιι
2552 3393 2633 3437 ne

570 3493 795 3558 invitus
858 3492 1130 3580 accipias
1178 3491 1585 3558 vehementer
1637 3513 1748 3556 oro
1802 3499 1987 3579 atque
2038 3491 2335 3558 obtestor.
2432 3490 2636 3556 Poeta

570 3611 706 3700 ipse
754 3611 870 3677 tibi
907 3611 1045 3698 jam
1094 3611 1246 3675 olim
1294 3632 1411 3698 per
1460 3617 1554 3674 est
1607 3610 1973 3675 familiaris:
2025 3617 2214 3676 restat
2262 3618 2330 3676 ιιι
2376 3611 2634 3676 arbitre-

570 3731 689 3818 ris,
743 3729 984 3818 ecquod
1038 3753 1155 3818 ego
1210 3732 1488 3818 precium
1546 3752 1777 3816 operae
1829 3731 2087 3796 fecerim
2135 3752 2296 3797 nova
2344 3732 2463 3796 hac
2492 3751 2637 3796 mea

572 3851 952 3916 recensione.
1055 3851 1292 3916 Beabis
1360 3861 1569 3915 autem
1621 3872 1765 3936 me,
1818 3871 1893 3924 ac
1938 3872 2053 3937 pro
2102 3851 2334 3938 ingenti
2379 3871 2636 3917 munere

572 3968 857 4057 habebo,
911 3971 964 4035 si
1012 3969 1171 4037 inter
1219 3969 1563 4055 legendum
1611 3968 1733 4033 adn
1744 3975 1916 4035 ctare
1964 3969 2237 4036 volueris
2284 3971 2484 4036 sicubi
2520 3970 2639 4036 tibi

673 4180 718 4258 ⁸)
805 4181 956 4241 Inde
1003 4183 1080 4241 ab
1128 4200 1291 4242 anno
1345 4185 1509 4241 1702
1537 4179 2010 4242 'Almelovenius
2045 4201 2168 4242 non
2188 4187 2427 4244 tantum
2446 4183 2638 4244 histo-

574 4267 731 4345 rias,
781 4267 1193 4344 eloquentiam
1243 4273 1306 4328 et
1353 4268 1625 4346 linguam
1670 4270 1997 4344 Graecam,
2039 4269 2141 4328 sed
2174 4271 2358 4329 etiam
2389 4268 2641 4329 medici-

572 4371 716 4414 nam
776 4353 1201 4433 profitebatur.
1293 4353 1428 4413 Iam
1473 4359 1619 4414 ante
1660 4355 1957 4414 nonnulla
1999 4373 2189 4437 opera
2229 4354 2464 4416 medica
2507 4355 2644 4418 eius

575 4457 722 4500 cura
764 4438 1141 4519 prodierunt.
2314 4437 2322 4442 “
2539 4435 2543 4440 ’

665 4519 712 4606 ²)
798 4523 951 4589 Hor.
1003 4524 1201 4591 Carm.
1246 4524 1342 4602 ΙΙ,
1394 4527 1507 4602 13,
1551 4544 1638 4587 vs.
1686 4527 1786 4589 21.
