2975 5209
1558 474 1645 543 80

575 698 675 742 me
743 698 880 743 esse
943 680 1381 759 consecutum,
1453 676 1564 738 illa
1638 664 1843 739 tamen
1915 696 2073 761 quae
2122 696 2161 739 a
2207 672 2269 739 te
2318 674 2641 761 prodeunt

575 796 826 861 minime
875 800 1018 859 sunt
1050 795 1187 879 ejus
1223 800 1548 879 monetae,
1586 801 1652 858 ut
1690 795 1771 858 ad
1805 816 2015 859 meum
2049 812 2313 865 examen
2348 792 2643 860 revocari

577 915 678 981 vel
723 914 997 1002 possint,
1053 915 1154 978 vel
1203 914 1472 979 debeant
1520 916 1581 998 ¹).
1650 914 1925 999 Ingenuo
1977 914 2157 999 dioc,
2212 914 2319 1001 qui
2365 934 2500 978 mos
2538 918 2665 978 est-

578 1055 791 1118 meus3
843 1034 1052 1119 placet
1100 1043 1426 1119 utrumque
1477 1054 1747 1098 carmen.
1802 1032 2080 1118 Tamen,
2128 1034 2271 1120 quia
2302 1035 2390 1097 ita
2420 1040 2644 1120 postu-

581 1154 711 1238 las,
785 1152 1110 1217 attentiore
1161 1173 1306 1216 cura
1352 1154 1507 1218 iliud
1561 1154 1728 1240 quod
1778 1154 2048 1219 nondum
2100 1161 2193 1221 est
2242 1154 2473 1219 editum
2526 1174 2647 1218 ex·

581 1273 787 1359 pendi.
888 1273 1024 1337 Nisi
1099 1275 1434 1338 versareris
1509 1275 1572 1338 in
1644 1264 1970 1360 re'sacra,
2025 1295 2143 1361 ego
2196 1274 2649 1339 Mammonam

579 1392 766 1457 istum
829 1393 890 1456 in
941 1393 1173 1457 malam
1223 1414 1356 1457 rem
1405 1393 1496 1457 ire
1539 1394 1835 1478 juberem
1886 1415 2026 1458 cum
2074 1394 2316 1459 insuavi
2362 1394 2470 1458 illo
2517 1414 2647 1457 suo

585 1512 850 1576 nomine.
953 1510 1133 1576 Nunc
1209 1512 1378 1576 aliud
1452 1513 1675 1578 suadet
1744 1534 1892 1577 usus
1966 1521 2028 1578 et
2092 1512 2322 1578 Sacrae
2369 1511 2650 1599 paginae

588 1631 942 1697 auctoritaS.
1042 1630 1173 1696 Sub
1208 1632 1390 1697 finem
1426 1640 1557 1718 est,
1592 1635 1760 1698 velut
1795 1633 2081 1717 Oedipus
2116 1634 2313 1697 alter:
2359 1632 2649 1697 habesne

591 1752 970 1838 exemplum,
1023 1773 1144 1843 quo
1196 1758 1536 1837 praeeunte
1570 1754 1849 1818 ultimam
1881 1753 1943 1817 in
1978 1752 2265 1837 Oedipus
2300 1752 2651 1838 corripias?

588 1869 742 1935 Mihi
805 1872 1039 1936 nullum
1104 1872 1438 1937 succurrit:
1504 1874 1615 1938 sed
1664 1895 1778 1939 nec
1826 1873 2021 1937 ullum
2072 1872 2203 1937 scio
2251 1872 2359 1936 ubi
2406 1870 2652 1958 produ·

590 1996 782 2057 catur.
883 1991 1053 2057 Puto
1091 1997 1307 2058 ,tamen
1359 2015 1479 2058 non
1530 1995 1695 2059 male
1744 1994 2003 2079 corripi,
2059 1994 2204 2083 quia
2253 2013 2378 2057 vox
2416 1992 2534 2056 ista
2582 1991 2651 2057 in

587 2112 859 2199 genitivo
913 2114 1170 2199 crescit,
1223 2118 1284 2178 et
1332 2114 1738 2200 penultimam
1789 2118 1920 2177 tum
1970 2113 2227 2178 brevem
2274 2110 2484 2177 habet.
2546 2110 2653 2175 Ita

589 2232 753 2296 enim
820 2232 954 2297 fieri
1024 2232 1256 2299 debere
1303 2231 1551 2296 tradunt
1597 2232 1880 2318 magistri
1929 2232 2215 2319 quidam,
2270 2230 2383 2297 sed
2431 2230 2650 2294 nescio

591 2372 774 2438 quam
848 2358 1035 2416 recte.
1110 2350 1372 2416 Caetera
1444 2351 1651 2415 omnia
1698 2353 1976 2438 placent,
2030 2352 2278 2437 (iterum
2327 2351 2494 2435 dico)
2544 2356 2652 2436 et,

587 2477 781 2558 puto,
855 2472 1011 2537 haec
1061 2493 1200 2535 cum
1251 2472 1585 2554 scribereS,
1638 2494 1852 2537 recens
1904 2494 2040 2537 eras
2090 2494 2127 2537 a
2174 2472 2439 2537 lectione
2488 2469 2649 2535 San-

589 2592 857 2678 nazarii,
912 2592 1090 2677 cujus
1150 2593 1585 2656 rotunditatem
1633 2593 1697 2656 in
1728 2592 2080 2657 claudendo
2129 2597 2520 2677 pentametro
2554 2589 2649 2653 vi-

591 2712 745 2777 deor
810 2712 964 2776 mihi
1029 2710 1499 2798 deprehendere
1566 2713 1705 2798 plus
1776 2711 1989 2776 semel.
2103 2709 2287 2783 'Quae
2354 2710 2433 2773 de
2501 2728 2649 2789 con-

591 2830 803 2895 cubitu
871 2830 1050 2896 Jovis
1119 2852 1258 2896 cum
1325 2831 1531 2903 Niobe
1599 2852 1851 2916 mones,
1923 2836 2089 2897 recte
2156 2850 2391 2895 moneS.
2492 2828 2651 2903 Dixi

593 2950 811 3017 Gentis
896 2952 1172 3040 Borgiae
1253 2951 1554 3037 originem
1632 2950 1777 3017 inde
1857 2962 2053 3038 usque
2120 2952 2318 3038 repeti
2369 2951 2458 3035 2):
2530 2948 2650 3014 sed

593 3070 933 3137 debueram
1003 3070 1356 3158 addidisse,
1426 3072 1585 3136 hanc
1635 3072 1910 3137 fabulam
1961 3086 2266 3159 nusquam¹
2311 3071 2427 3135 nisi
2476 3070 2649 3156 apud

589 3192 780 3257 Herc.
864 3190 1186 3255 Strozzam
1241 3192 1287 3275 3)
1372 3192 1667 3277 reperiri,
1744 3191 2025 3279 adeoque
2095 3192 2204 3255 niti
2266 3191 2432 3255 illius
2464 3189 2647 3255 unius

591 3308 750 3393 fide,
812 3310 992 3396 eujus
1041 3331 1116 3375 ea
1165 3330 1426 3375 scaenae
1475 3315 1606 3373 tum
1656 3310 1951 3397 temporis
1976 3310 2368 3376 inserviebat.
2454 3307 2643 3383 Quod

591 3428 816 3495 Mureti
912 3450 1160 3495 carmen
1257 3428 1687 3516 Epiqramma
1782 3430 2130 3496 vocaverim
2208 3432 2303 3516 4),
2404 3429 2467 3494 in
2562 3450 2645 3495 eo

533 3718 540 3728 1
683 3644 724 3718 ¹)
821 3642 1007 3701 Aliud
1073 3642 1262 3719 dixit,
1323 3644 1488 3703 aliud
1534 3646 1719 3705 sensit
1762 3644 2177 3705 Broukhusius
2222 3643 2297 3704 de
2341 3642 2646 3703 Perizonii

590 3728 978 3788 carminibUS.
1070 3728 1240 3797 Quae
1287 3748 1419 3809 cum
1466 3736 1680 3808 postea
1708 3731 1968 3789 Francio
2000 3732 2329 3790 adiuvante
2358 3730 2421 3787 in
2451 3730 2643 3788 risum

589 3819 887 3890 verteret,
932 3813 1074 3872 inde
1121 3815 1411 3875 acerrima
1455 3817 1593 3875 rixa
1636 3823 1771 3878 orta
1815 3822 1905 3876 est
1950 3818 2107 3876 inter
2152 3819 2363 3895 poetas
2400 3814 2641 3875 Amste—

589 3899 1008 3959 laedamenses
1073 3906 1134 3960 et
1197 3902 1595 3979 professorem
1662 3902 2049 3979 Leidensem,
2120 3903 2194 3961 de
2264 3920 2387 3979 qua
2436 3900 2643 3977 brevi,

591 4003 800 4146 SP‘gO,
829 3984 1151 4131 (ξὲοὲῖἷῗί
1191 4006 1448 4131 αιδὲἳῗιῐῖένὶ
1496 4074 1876 4133 Sannazarii
1984 4118 1997 4131 .
2049 4118 2062 4131 .
2114 4044 2336 4150 Opera.
2403 4072 2501 4132 Ea:
2546 4089 2640 4131 se-

591 4158 810 4217 cundis
857 4158 1060 4233 curie,
1111 4160 1304 4233 1728,
1349 4178 1491 4236 pag.
1544 4161 1681 4217 189.

682 4238 730 4317 ³)
818 4243 1032 4301 Ercole
1090 4243 1318 4302 Strozzi
1374 4244 1885 4320 (1471—1508),
1938 4244 2162 4318 Italu8‚
2210 4238 2644 4304 celeberrimus

590 4328 707 4388 fuit
748 4331 931 4407 poeta
972 4328 1260 4405 Latinus,
1304 4329 1471 4388 cuius
1518 4330 1787 4389 carmina
1831 4348 1883 4388 a.
1934 4332 2097 4389 1543
2150 4330 2424 4390 Venetiis
2468 4327 2640 4412 prelo

590 4415 879 4475 mandata.
921 4420 1078 4474 sunt.
2318 4452 2322 4456 ·

681 4500 732 4581 ⁴)
817 4501 967 4579 L.1.‚
1025 4519 1165 4582 pag.
1229 4502 1384 4577 207,
1429 4520 1552 4561 non
1594 4500 1669 4561 de
1714 4502 2180 4584 epigrammate,
2227 4499 2335 4561 sed
2380 4498 2456 4560 de
2510 4516 2642 4587 car-
