2975 5209
1368 487 1495 548 105

1097 584 1118 624 t

363 684 753 768 strinxeris,
810 683 885 746 de
937 683 1206 746 editione
1256 683 1434 747 facile
1482 684 1641 746 inter
1693 703 1802 746 nos
1855 682 2193 746 conveniet.
2295 679 2455 742 Vale

359 803 511 868 Vir
567 804 1094 888 praeclarissime,
1150 810 1208 866 et
1257 825 1386 886 mc,
1443 803 1607 888 quod
1636 814 1695 865 te
1722 803 1927 867 facere
1954 801 2217 886 gaudee,
2250 823 2457 864 amare

366 945 622 1010 perge.

494 1043 978 1108 Amstelodami.
1051 1046 1134 1106 26
1189 1043 1446 1107 Januar.
1510 1048 1704 1108 1693.

1258 1448 1621 1512 LXXXVI.

1037 1623 1228 1731 loanni
1276 1667 1521 1750 Georqio
1569 1668 1810 1733 Graevio

1124 1779 1294 1841 lanus
1342 1779 1741 1844 BroukhusiuS.

506 1995 613 2079 Si,
666 2002 958 2081 quantum
1007 1997 1118 2059 tibi
1169 1995 1408 2080 debeO,
1465 2003 1699 2059 tantum
1752 2017 1995 2082 quoque
2045 2016 2293 2080 possem
2330 1996 2452 2058 sol-

392 2136 598 2199 vere,
678 2115 1218 2180 Praestantissime
1285 2122 1467 2201 atque
1521 2116 1941 2179 amantissime
1995 2115 2261 2198 Gwevi,
2316 2117 2464 2179 sane

387 2238 472 2300 in
549 2257 666 2300 non
741 2235 993 2299 minima
1064 2242 1238 2320 parte
1313 2257 1612 2321 ponerem
1663 2235 1987 2299 felicitatis
2089 2233 2268 2298 Nunc
2317 2210 2497 2298 vero·

393 2376 556 2420 oum
621 2354 914 2440 pauperis
962 2356 1122 2418 horti
1173 2356 1288 2417 sim
1345 2355 1577 2436 cultor,
1631 2354 1791 2417 facio
1844 2353 2009 2438 quod
2061 2375 2354 2438 possum,
2408 2359 2469 2416 et

370 2476 480 2537 -in
530 2473 834 2538 fructuum
896 2475 1106 2560 inopia
1152 2475 1444 2538 flosculos
1497 2473 1605 2536 tibi
1659 2475 1889 2557 offero,
1944 2473 2053 2538 sed
2104 2493 2303 2558 neque
2354 2473 2469 2556 sic,

406 2593 506 2656 uti
559 2615 779 2678 spere,
831 2595 1107 2677 ingratos
1157 2595 1414 2658 futuros,
1517 2593 1699 2657 Verti
1747 2592 1841 2654 his
1894 2592 2147 2675 diebuS‚
2200 2593 2259 2654 in
2295 2613 2469 2676 spem
2524 2630 2528 2634 -

411 2721 570 2774 tuae
645 2711 925 2796 gratiae,
1005 2712 1283 2776 libellum
1358 2714 1544 2776 istum
1606 2712 1955 2788 Gallicum,
2010 2712 2086 2776 de
2128 2733 2246 2796 quo
2298 2710 2473 2774 nobis

413 2852 626 2894 sermo
693 2839 824 2894 erat
873 2853 1013 2895 cum
1065 2831 1160 2902 Tu
1215 2855 1411 2920 nuper
1460 2841 1565 2896 tua
1615 2833 1967 2918 praesentia
2016 2831 2346 2895 Francium
2400 2851 2474 2893 ac

415 2971 526 3014 me
596 2951 779 3013 simul
855 2952 1076 3015 beares
1197 2953 1442 3036 LegeS,
1523 2954 1679 3035 scic,
1761 2973 1877 3014 non
1930 2953 2061 3014 sine
2112 2942 2469 3036 veluptate,

421 3090 802 3156 quamquam
850 3071 1159 3134 interdum
1209 3071 1619 3136 recedendum
1668 3071 1779 3132 fuit,
1826 3070 2207 3153 longiuscule
2242 3091 2279 3131 a
2312 3069 2475 3154 puri-

420 3195 552 3253 tate
603 3190 904 3253 sermonis
955 3191 1263 3265 Romani,
1319 3212 1437 3276 qua·
1478 3188 2174 3274 signantiusredderem
2210 3187 2474 3250 auctoris

425 3314 720 3372 mentem.
823 3307 983 3374 Eum
1064 3330 1180 3393 ego
1257 3310 1577 3390 libellum,
1663 3309 1746 3370 mi
1820 3307 2035 3389 Pater,
2112 3307 2223 3370 tibi
2288 3305 2469 3369 dono.

413 3406 616 3500 'Quod
685 3429 737 3490 si
819 3431 984 3514 typis
1059 3412 1323 3492 exscribi
1399 3428 1704 3510 volueriS,
1784 3434 1957 3490 erunt
2019 3435 2168 3510 puto
2218 3427 2275 3487 in
2326 3425 2482 3488 urbe

429 3553 644 3611 vestra
711 3548 815 3632 qui
887 3569 1005 3612 non
1058 3569 1241 3632 aegre
1291 3547 1585 3610 horulam
1634 3567 1816 3608 unam
1871 3544 2004 3627 ejus
2051 3543 2313 3606 lectione
2364 3542 2481 3605 sibi

424 3664 630 3750 perire
679 3664 1006 3749 patientur.
1111 3664 1219 3728 Sin
1278 3686 1456 3748 vero,
1512 3667 1597 3727 tui
1650 3665 1761 3727 erit
1802 3663 2052 3725 arbitrii.
2130 3638 2510 3724 Memineris

427 3782 656 3868 mod0‚
735 3805 834 3847 me
911 3785 1144 3846 nullum
1229 3785 1394 3848 aliud
1454 3784 1689 3847 habere
1750 3782 2145 3866 exemplum,
2199 3780 2487 3865 qupcirca

427 3903 754 3986 ignoscere
825 3909 887 3966 te
961 3924 1223 3988 aequum
1299 3912 1389 3966 est
1462 3903 1659 3964 lituris
1738 3921 1809 3962 ac
1870 3899 2091 3962 calami
2150 3897 2477 3961 erroribus

431 4019 595 4085 Vale
645 4020 758 4085 Vir
807 4022 1372 4108 praestantissime,
1430 4030 1488 4084 et
1541 4019 2004 4083 Broukhusium
2055 4028 2222 4079 tuum
2276 4037 2485 4080 amare

433 4159 648 4225 perge.
2164 4121 2167 4124 Ι

530 4257 1002 4324 Amstelodami.
1063 4261 1142 4324 13
1197 4259 1430 4345 Aprilis
1491 4261 1685 4336 1693,

1259 4528 1668 4548 *NJOEMVsN-AMJ-
