2975 5209
1549 491 1631 559 14

559 686 872 761 Masenius
913 695 994 781 ¹),
1048 694 1140 759 vir
1188 693 1502 779 eruditus,
1555 700 1617 758 et
1662 691 1837 758 libris
1888 692 2067 759 editis
2114 693 2357 777 clama,
2395 712 2609 757 verum

559 836 675 902 per
730 799 980 899 negotia
1026 836 1147 879 non
1198 821 1329 878 erat
1360 813 1540 878 nobis
1572 814 1879 899 integrum
1912 796 2227 876 hominem
2262 795 2604 875 convenire.

562 934 764 1002 Credo
831 935 1110 1022 profecto
1182 934 1412 999 bonam
1463 932 1610 997 olim
1662 932 2108 1017 elegantiarum
2158 932 2607 1017 supellectilem

560 1055 661 1119 hic
723 1055 785 1118 in
847 1061 1095 1141 promtu
1161 1054 1390 1119 fuisse:
1463 1060 1594 1117 tota
1644 1060 1849 1118 autem
1897 1052 2068 1117 urbis
2116 1051 2307 1117 facies
2355 1051 2607 1117 misera-

402 1170 412 1175 “
503 1236 506 1242 ,
559 1174 750 1239 bilem
809 1175 871 1238 in
919 1174 1172 1241 modum
1222 1175 1344 1239 hoc
1390 1174 1565 1273 belli
1591 1173 1834 1237 turbine
1883 1173 2205 1259 deturpata
2260 1178 2389 1257 est,
2442 1173 2610 1257 cives

558 1314 786 1379 magna
867 1316 947 1363 ex
1007 1289 1196 1383 'parte
1265 1294 1527 1381 dilapsi,
1600 1292 1787 1359 aedes
1854 1314 2068 1358 sacrae
2136 1300 2240 1357 aut
2310 1291 2607 1377 disjectae

559 1421 664 1478 aut
731 1414 1082 1500 expilatae,
1149 1414 1259 1478 vix
1323 1415 1649 1501 quicquam
1699 1414 2004 1501 reliquum
2051 1419 2301 1501 praeter
2340 1411 2622 1477 cadaver·

557 1534 798 1621 priscae
871 1534 1253 1629 majestatie,
1332 1541 1393 1599 et
1465 1555 1720 1622 campos
1790 1534 1899 1599 ubi
1979 1532 2183 1618 Troja'
2221 1532 2335 1598 fuit
2366 1534 2437 1618 ²).
2538 1531 2605 1598 Si

558 1655 887 1722 commoda
955 1655 1205 1721 occasio
1280 1654 1564 1741 dabitur,
1645 1676 1826 1742 spero
1902 1676 2003 1719 me
2060 1654 2437 1741 adepturum
2487 1676 2604 1719 non

557 1778 1069 1844 contemnendam
1127 1778 1374 1864 copiam
1422 1778 1761 1863 priscorum
1812 1776 2289 1860 numismatum,
2344 1795 2603 1862 quorum

557 1895 831 1985 quotidie
888 1916 1114 1981 magua
1161 1896 1252 1961 vis
1304 1918 1386 1961 ex
1431 1896 1845 1961 fundamentis
1894 1895 2038 1960 novi
2087 1896 2291 1982 operis
2342 1894 2422 1958 ad
2468 1893 2601 1959 Mo-

557 2014 776 2081 sellam
852 2016 1138 2101 egeritur.
1240 2015 1398 2081 Sunt
1468 2037 1653 2100 vero,
1732 2038 1809 2081 ne
1882 2015 2160 2100 nescias,
2239 2014 2601 2079 declinantis

554 2135 798 2223 imperii
864 2136 1182 2221 reliquiae.
1281 2134 1523 2199 Nudius
1590 2136 1803 2200 tertius
1845 2116 2147 2200 'certiores
2194 2134 2338 2198 facti
2386 2155 2601 2198 sumus

558 2253 634 2319 de
705 2262 904 2320 morte
977 2255 1284 2342 Principis
1357 2254 1669 2321 Electoris
1734 2254 1949 2319 Caroli
2016 2254 2273 2341 Caspai-i
2325 2275 2439 2319 van
2493 2254 2603 2319 der

552 2374 730 2461 Leye
759 2375 828 2460 ³),
881 2396 1105 2462 magno
1139 2396 1394 2440 suorum
1428 2396 1710 2441 moerore
1742 2375 2028 2461 extincti,
2056 2376 2233 2461 cujus
2259 2375 2599 2461 superbum

555 2502 1021 2561 monumentum
1081 2497 1142 2560 in
1213 2496 1368 2561 aede
1427 2496 1783 2569 cathedrali
1840 2518 1958 2561 non
2010 2497 2141 2561 sine
2191 2494 2599 2560 admiratione

555 2617 871 2703 conspexi.
944 2615 1119 2681 Deus
1187 2623 1284 2701 te,
1354 2615 1468 2679 Vir
1518 2616 1856 2681 clarissime
1879 2666 1895 2699 ,
1948 2616 2247 2702 sospitem
2294 2616 2488 2680 literis
2537 2620 2599 2680 et

554 2736 733 2801 nobis
783 2743 1125 2819 conservet..
1177 2736 1274 2800 Tu
1327 2757 1515 2813 vero,
1568 2737 1683 2799 nisi
1732 2757 1922 2821 grave
1972 2742 2106 2820 est,
2137 2737 2370 2821 saluta,
2402 2744 2591 2821 rogo,

555 2837 912 2921 communes
941 2858 1194 2943 amicos,
1235 2878 1496 2944 quorum
1519 2878 1636 2943 ego
1665 2878 1939 2921 amorem
1968 2856 2138 2921 omni
2164 2878 2283 2943 ope
2310 2862 2371 2922 et
2395 2855 2596 2921 officio

551 2976 765 3043 fovere
813 2998 1121 3064 nunquam
1173 2977 1486 3043 desistam.
1544 2977 1827 3042 Salutant
1874 2984 1935 3042 te
1981 2977 2246 3041 invicem
2269 2976 2597 3063 Bergius4)

650 3344 693 3421 ¹)
781 3348 1046 3406 Jacobus
1089 3346 1396 3411 Masenius
1441 3349 1948 3425 (1606—1681),
2011 3366 2043 3407 e
2098 3347 2388 3408 societate
2424 3348 2596 3422 Jesu,

552 3431 773 3493 edidit:
821 3434 1153 3500 Palaestra
1229 3435 1607 3511 eloquentiae
1674 3435 1920 3511 liyatae.
2014 3434 2337 3513 Coloniae,
2409 3434 2587 3492 1654.

549 3518 736 3579 Liber
780 3520 1050 3579 continet
1094 3520 1364 3578 carmina
1405 3520 1633 3579 Latina
1676 3525 1862 3596 atque
1908 3519 2232 3578 orationes.

638 3657 684 3729 2)
771 3656 1294 3733 Expugnaverant
1391 3654 1554 3713 Galli
1644 3654 1699 3712 d.
1766 3655 1922 3712 VIII
2002 3652 2370 3732 Septembris
2435 3656 2594 3713 1673

550 3742 890 3819 Augustam
970 3741 1385 3814 Trevirorum3
1465 3740 1679 3799 urbem
1745 3740 2120 3818 diripuerant
2189 3757 2597 3817 magnumque

550 3826 842 3886 tributum
923 3826 1158 3885 civibus
1228 3826 1658 3904 imposuerant.
1788 3826 1994 3884 Mense
2072 3825 2349 3902 Augusto
2437 3825 2593 3883 1675
2698 3830 2703 3833 '

550 3930 740 3990 prope
787 3911 861 3970 ad
882 3912 1096 3971 urbem
1141 3910 1333 3983 Gallis
1377 3909 1549 3969 clade
1591 3910 1765 3971 illata
1808 3911 2093 3971 Germani
2138 3910 2298 3969 d.VI
2328 3910 2597 3988 Septem·

554 3997 676 4056 bris
727 3998 975 4073 urbem,
1028 4016 1210 4075 quam
1254 3995 1568 4056 obsidione
1612 4002 1969 4072 tenuerant,
2015 4015 2219 4055 rursus
2264 4012 2595 4073 occupave-

551 4087 710 4143 runt.

642 4213 692 4292 ³)
783 4218 922 4277 Carl
983 4215 1208 4295 Caspar
1265 4234 1381 4275 von
1443 4216 1551 4275 der
1609 4217 1817 4294 Leyen
1878 4215 2155 4293 (Carolus
2216 4215 2515 4294 Caspai-us
2560 4213 2598 4273 a

551 4302 792 4379 Petra),
873 4303 1376 4381 Archiepiscopus
1437 4308 1498 4361 et
1561 4302 1805 4361 Elector
1872 4302 2278 4378 Trevirensis,
2346 4301 2401 4361 d.
2469 4300 2596 4359 XII

550 4388 756 4448 Martii
805 4390 964 4447 1652
1000 4388 1440 4479 inauguratus,
1486 4388 1637 4447 obiit
1680 4386 1817 4446 Kal.
1865 4388 2005 4446 Jun.
2059 4390 2239 4446 1676.

643 4521 692 4601 ⁴)
779 4525 872 4584 De
915 4524 1136 4603 Bergio
1182 4524 1320 4583 vide
1365 4542 1561 4603 supra.
