2975 5209
1339 483 1424 545 59

352 680 690 745 sterodami
763 679 1071 764 inveniro,
1155 681 1258 766 qui
1333 679 1652 745 Francisci
1722 679 1974 761 Junii1)
2041 676 2119 743 de
2169 678 2409 763 pictura

357 806 636 865 veterum
705 799 895 863 libros
967 807 1089 863 tres
1145 799 1631 885 pulcherrimos,
1710 799 1857 863 olim
1908 798 2157 885 quidem
2208 795 2407 861 editos

357 917 526 1004 apud
595 916 1026 1003 Blaeviunff),
1106 920 1217 982 sed
1288 940 1444 981 nunc
1522 927 1649 983 tam
1721 919 1930 983 multis
2000 918 2057 980 in
2123 917 2278 980 locis
2330 916 2407 979 ab

361 1044 616 1102 auctore
686 1038 1084 1122 emendatOS,
1155 1039 1460 1124 tantisque
1512 1061 1585 1102 ac
1634 1046 1723 1103 tot
1774 1038 2231 1102 accessionibus
2282 1058 2411 1099 am-

363 1158 709 1243 plificatos,
787 1165 854 1221 ut
923 1179 1150 1222 novum
1215 1179 1371 1243 opus
1440 1159 1641 1223 videri
1687 1159 1916 1244 possit,
1992 1157 2158 1243 typis
2210 1156 2411 1219 denuo

365 1277 664 1341 mandare
709 1279 923 1342 velint.
980 1255 1243 1343 Accedit
1292 1286 1495 1343 tomus
1541 1279 1843 1343 secundus
1892 1269 2184 1349 ἀνέκδοτος
2232 1277 2415 1362 plane

371 1396 455 1462 de
503 1398 814 1461 veteribus
863 1398 1229 1484 pictoribuS,
1285 1396 1622 1482 statuariis,
1676 1397 2039 1482 artificibus,
2078 1417 2417 1481 eorumque
2514 1385 2527 1391 “

373 1516 706 1602 operibus,
760 1518 864 1603 qui
913 1519 1076 1581 molc
1127 1520 1396 1603 primum
1445 1520 1739 1605 aequabit
1833 1518 2115 1605 Scriptus
2157 1524 2415 1606 uterque

373 1643 580 1700 tomus
631 1644 724 1701 est
774 1658 891 1701 non
923 1643 1161 1702 tantum
1195 1639 1249 1702 si
1283 1638 1616 1703 dictionem
1652 1645 1894 1724 spectes
1924 1638 2414 1723 elegantissime,

373 1754 430 1818 si
498 1755 827 1841 quicquam
878 1764 1084 1820 nostra
1129 1764 1540 1843 tempestate,
1620 1759 1731 1823 sed
1782 1765 1842 1823 et
1892 1758 2287 1843 nitidissime,
2366 1758 2418 1821 si

375 1872 455 1937 ad
527 1870 946 1963 καλλιγραφίαν
1019 1877 1316 1940 attendas.
1418 1878 1487 1940 In
1557 1877 1765 1942 Gallia
1826 1879 1962 1963 jam
2038 1877 2115 1941 ab
2186 1877 2419 1963 aliquot

377 1994 553 2057 annis
605 1993 1048 2060 incredibiliter
1096 1993 1481 2060 desideratur
1530 1998 1649 2062 hoc
1699 2019 1873 2084 opuS.
1952 1997 2087 2061 Scis
2139 1997 2299 2062 enim
2331 1982 2420 2061 ibi

377 2112 538 2177 hanc
587 2120 783 2177 artem
833 2090 953 2177 hoc
1002 2122 1282 2200 tempore
1315 2114 1756 2183 maximi'fieri.
1834 2118 2014 2182 Haec
2037 2116 2151 2180 fuit
2177 2137 2413 2201 caussa,

375 2232 545 2319 quod
595 2239 686 2297 tot
734 2254 1033 2327 annorum
1082 2207 1332 2321 litteris,
1388 2258 1540 2324 quas
1593 2236 1761 2322 apud
1810 2257 1909 2299 me
1960 2234 2169 2298 videre
2204 2242 2415 2319 potes,

379 2353 462 2417 ab
543 2354 758 2418 amicis
838 2353 1292 2418 Parisiensibus
1367 2357 1667 2420 sollicitus
1740 2355 1991 2419 tandem
2065 2354 2420 2440 expiscatus

379 2474 535 2560 sim,
611 2473 718 2538 ubi
790 2474 912 2538 hoc
981 2496 1137 2561 opus
1203 2476 1448 2560 lateret,
1528 2484 1587 2539 et
1647 2476 1712 2540 id
1783 2497 1863 2540 ex
1912 2473 2183 2539 tenebris
2232 2472 2420 2538 modo

337 2620 346 2627 ·
381 2595 796 2681 protraxerim
847 2595 904 2658 in
959 2616 1165 2659 meum
1199 2593 1542 2659 Musaeum.
1604 2594 1672 2659 Si
1704 2584 1859 2658 illud
1895 2614 2137 2680 quoque
2169 2613 2423 2679 possem

383 2723 487 2779 tuo
539 2714 742 2779 studio
791 2717 852 2779 in
901 2716 1104 2780 lucem
1151 2715 1537 2801 producere,
1610 2715 1793 2778 valde
1842 2712 2197 2798 gauderem.
2298 2710 2424 2775 Vbi

383 2841 478 2919 tu,
556 2835 704 2900 novi
772 2835 934 2899 enim
1001 2841 1170 2899 tuam
1241 2834 1649 2919 elegantiam,
1724 2854 1915 2899 unum
1980 2840 2165 2917 caput
2210 2832 2420 2915 legeS,

383 2961 482 3018 sat
551 2955 679 3019 scio
756 2956 999 3019 coelum
1076 2962 1136 3018 et
1210 2962 1434 3019 terram
1508 2953 1798 3017 miscebis
1866 2961 1933 3016 ut
1996 2952 2055 3014 in
2106 2951 2425 3036 publicum

382 3072 734 3160 prodeat.’'.
767 3124 779 3138 .
814 3124 826 3139 .
860 3124 871 3136 .
933 3072 1147 3155 „Petri
1195 3073 1380 3137 Petiti
1409 3074 1455 3155 ³)
1499 3072 1623 3135 vita
1656 3092 1814 3135 nunc
1846 3072 2009 3157 typis
2037 3070 2421 3134 describitur.

383 3192 710 3257 Exornata
735 3201 827 3258 est
853 3193 1402 3278 epigrammatibus
1433 3197 1758 3277 poetarum
1787 3189 2165 3253 Gallicorum
2189 3187 2426 3251 Latinis

385 3313 536 3377 satis
587 3313 838 3398 argutis.
939 3312 1035 3377 Tu
1089 3313 1233 3379 vide
1283 3332 1357 3375 an
1408 3310 1597 3373 fidem
1648 3308 1856 3372 datam
1890 3306 2155 3369 liberare
2188 3305 2425 3390 possiS,

488 3565 528 3642 ¹)
551 3567 904 3625 Franciscus
926 3564 1174 3641 Junius,
1199 3563 1667 3640 Edelbergensis
1687 3605 1699 3634 ,
1723 3568 1926 3638 pastor
1951 3557 2241 3616 ecclesiae
2266 3557 2425 3634 apud

383 3659 888 3726 remonstrantes,
911 3652 975 3710 in
999 3651 1330 3709 Hollandia
1361 3656 1421 3708 et
1444 3648 1671 3725 Anglia
1696 3648 1936 3704 vivebat
1956 3665 1971 3719 3
1997 3644 2147 3703 obiit
2166 3662 2217 3701 a.
2245 3645 2424 3700 1677.

382 3739 610 3798 Multos
669 3738 1019 3814 conscripsit
1083 3737 1273 3795 libros
1312 3755 1327 3809 3
1389 3735 1517 3793 eius
1561 3751 1710 3811 opus
1754 3733 1822 3788 de
1858 3733 2114 3807 pictura
2166 3735 2428 3786 veterum

386 3825 538 3883 libri
581 3824 696 3880 III
730 3822 1199 3881 Amstelaedami
1246 3841 1297 3879 a.
1352 3822 1510 3877 1637
1561 3818 1792 3895 prodiit.

477 3907 522 3986 ²)
615 3909 900 3967 Blacvius
945 3908 1359 3986 typographus
1402 3906 1517 3963 fuit
1562 3902 1984 3962 celeberrimus
2014 3899 2429 3958 Amstelaeda-

387 4014 630 4053 mensls.

482 4076 530 4154 ³)
617 4080 832 4138 Petrus
897 4078 1160 4152 Petitus,
1220 4076 1460 4145 Gallus,
1508 4081 1685 4132 natus
1732 4092 1785 4131 a.
1839 4073 2033 4144 1617,
2080 4070 2438 4128 medicinam

391 4166 721 4224 exercebat
767 4169 952 4239 atque
997 4164 1262 4221 carmina
1307 4162 1531 4219 Latina
1576 4159 1927 4236 composuit.
2000 4156 2167 4214 Obiit
2212 4156 2266 4212 d.
2314 4155 2433 4211 XII

389 4251 740 4309 Decembris
791 4251 971 4307 1687.

478 4335 770 4394 Graevius
815 4334 1003 4392 edidit
1046 4333 1261 4391 librum
1311 4332 1402 4387 cui
1450 4330 1688 4389 titulus:
1741 4328 2024 4404 Eloyium
2052 4334 2103 4382 et
2144 4324 2439 4382 Tumulus

392 4423 600 4481 eximii
667 4422 790 4477 viri
849 4419 1020 4477 Petri
1073 4416 1278 4487 vetiti,
1333 4417 1616 4474 Doctorc's
1668 4416 1888 4471 Medici
1934 4454 2201 4468 .....
2266 4410 2436 4481 'I'roj.

399 4510 481 4567 ad
529 4506 827 4579 Rhenum,
883 4505 1324 4576 less—1692,
1377 4505 1410 4558 2
1459 4501 1573 4559 vol.
