2975 5209
1280 486 1365 545 49

1127 728 1441 805 XXXIX,
1457 732 1518 815 1).

1015 897 1230 961 laccho
1279 898 1569 979 Perizonio
1595 904 1641 975 ²)

1013 1008 1182 1073 lanus
1227 1008 1633 1075 Broukhusius.

311 1154 322 1163 ¹
389 1172 684 1257 Ignosces
763 1172 907 1237 huic
985 1192 1168 1238 meae
1243 1174 1558 1261 desidiae,
1639 1176 1953 1241 carissime
2024 1176 2341 1264 Perizoni,

301 1294 462 1379 quod
512 1300 634 1356 tam
688 1292 955 1378 eleganti
1004 1314 1258 1357 munere
1307 1301 1557 1379 tamque
1609 1296 1813 1360 amica
1862 1297 2125 1382 epistola
2174 1318 2342 1362 com-

297 1412 562 1498 pellatus
629 1434 667 1475 a
736 1418 833 1497 te,
911 1413 1144 1499 aliquot
1212 1414 1348 1498 jam
1397 1414 1825 1479 hebdomadas
1878 1416 2043 1481 elabi
2094 1418 2342 1482 siverim

297 1531 533 1619 absque
583 1534 710 1596 ulla
758 1532 1110 1619 scriptione.
1209 1533 1279 1597 In
1333 1554 1521 1597 causa
1568 1534 1682 1598 fuit
1725 1536 2074 1621 expectatio
2112 1535 2343 1601 adven-

294 1657 388 1715 tus
457 1652 541 1717 ad
599 1660 710 1718 nos
763 1652 1130 1737 Graeviani,
1183 1654 1287 1739 qui
1337 1660 1544 1718 tamen
1596 1654 1819 1717 dilatus
1872 1661 1966 1719 est
2011 1656 2332 1721 hactenus.

294 1771 392 1837 De
453 1770 734 1838 Minerva
764 1774 812 1853 ³)
880 1781 985 1839 tua
1052 1773 1231 1838 unice
1301 1779 1360 1837 te
1433 1794 1610 1857 amo,
1681 1780 1741 1837 ot
1791 1774 2119 1839 tutelarem
2165 1775 2342 1840 illam

293 1892 443 1956 mihi
520 1898 846 1980 patronam
919 1893 1126 1978 elegi,
1203 1894 1404 1957 minus
1477 1900 1685 1958 tamen
1763 1893 2087 1958 ambitiose
2158 1888 2342 1980 atque

293 2012 438 2075 olim
517 2012 625 2076 ille
695 2012 1061 2076 Flaviorum
1127 2009 1396 2076 ultimus.
1498 2011 1889 2098 Amplissimi
1958 2012 2261 2099 Scepperi
2288 2014 2339 2097 4)

290 2126 582 2215 Elegiam
629 2132 758 2216 legi
809 2152 948 2217 cum
998 2132 1344 2217 voluptate,
1398 2136 1458 2197 et
1506 2134 1762 2196 miratus
1804 2152 1940 2195 sum
1986 2132 2047 2195 in
2086 2132 2342 2197 homine

291 2250 768 2336 occupatissimo
842 2250 1155 2335 ingenium
1227 2251 1571 2336 poeticum,
1642 2272 1869 2315 venam
1948 2251 2196 2316 facilem
2268 2272 2342 2316 ac

289 2367 658 2455 limpidam,
739 2369 1069 2433 dictionem
1119 2390 1361 2457 puram.
1460 2370 1726 2434 Francio
1784 2371 1927 2436 dedi
1977 2371 2339 2457 exemplar,

293 2486 563 2553 Graevio
632 2489 811 2574 misi,
892 2489 995 2577 qui
1065 2490 1338 2557 nondum
1405 2490 1558 2553 mihi
1626 2489 1960 2575 respondit.
2061 2489 2131 2554 In
2183 2490 2341 2555 Pro-

288 2608 489 2692 pertio
553 2628 751 2693 pergo
822 2615 1114 2697 quantum
1164 2630 1438 2694 possum.
1539 2608 1665 2674 Sed
1716 2608 1974 2674 offendit
2020 2630 2122 2673 me
2164 2610 2339 2695 igno-

288 2727 441 2791 ratio
496 2732 849 2813 temporum
901 2728 1062 2793 vitae
1111 2728 1579 2815 Propertianae.
1676 2727 1835 2813 Ejus
1877 2729 2038 2793 enim
2080 2728 2179 2792 vel
2215 2729 2340 2792 nati

288 2846 386 2911 vel
421 2847 634 2911 denati
659 2868 775 2913 nec
807 2848 1014 2913 volam
1046 2869 1160 2913 nec
1197 2847 1522 2932 vestigium
1556 2848 1819 2912 invenio.
1857 2847 1928 2911 In
1964 2847 2337 2933 quibusdam

384 3042 424 3117 ¹)
515 3044 590 3101 In
633 3043 1019 3102 Bibliotheca
1061 3042 1471 3120 Lugdunensi.

371 3125 423 3203 2)
515 3130 782 3187 Jacobus
823 3128 1203 3202 Perizonius,
1253 3128 1759 3202 (1651—1715),
1806 3127 2335 3206 AppingadamuS,

288 3214 552 3274 Traiecti
623 3220 684 3273 et
743 3214 1026 3291 Lugduni
1087 3231 1331 3291 operam
1392 3213 1558 3271 dedit
1601 3212 1838 3272 litteris.
1928 3214 2106 3272 Anno
2176 3216 2336 3272 1682

286 3301 591 3375 professor
649 3300 1031 3359 historiarum
1077 3306 1138 3358 et
1183 3299 1572 3375 eloquentiae
1619 3303 1855 3357 creatus
1898 3298 1960 3356 in
2006 3299 2339 3357 Academia

286 3384 762 3462 Franequerana
806 3404 858 3443 a.
913 3386 1072 3443 1693
1119 3384 1400 3461 migravit
1445 3384 1827 3461 Lugdunum.
1911 3384 2053 3443 Fuit
2098 3385 2337 3461 peritis·

287 3472 468 3530 simus
529 3471 748 3529 Graeci
806 3476 867 3529 et
920 3470 1125 3529 Latini
1170 3470 1457 3528 sermonis
1504 3476 1688 3545 atque
1732 3469 2040 3528 historiae.
2132 3468 2338 3529 Edidit

286 3556 646 3631 Aelianum,
715 3556 1018 3630 Curtium,
1084 3554 1396 3613 Valerium
1461 3556 1823 3629 Maximum,
1872 3554 2057 3629 alios,
2104 3556 2338 3633 scripsit

289 3643 880 3701 Animadversiones
917 3642 1276 3715 historicae,
1317 3646 1470 3699 caet.
1508 3642 1591 3699 Ut
1612 3639 2027 3699 Broukhusius
2049 3646 2337 3717 patronos

286 3726 558 3786 habebat
623 3727 939 3785 Heinsium
1008 3731 1068 3784 et
1134 3726 1495 3799 Graevium3
1565 3745 1699 3784 cum
1757 3725 2045 3802 signifero
2099 3726 2335 3785 Perizo-

286 3812 421 3870 nius
491 3812 788 3871 amicitias
852 3812 1096 3886 iunxit,
1164 3828 1320 3887 quae
1384 3818 1597 3888 postea
1663 3810 1945 3870 abierunt
2009 3811 2073 3869 in
2134 3811 2339 3869 odium

285 3898 695 4057 lmgssafflffillffig
769 3985 927 4040 1687
997 3982 1345 4040 Perizonius
1412 3982 1599 4041 edidit
1643 3982 1901 4055 librum,
1950 3981 2045 4040 cui
2090 3982 2334 4041 titulus:

288 4068 618 4127 Fra-ucisci
674 4067 910 4125 Sanctii
971 4068 1286 4141 Minerva,
1336 4069 1464 4125 sive
1512 4071 1582 4126 de
1628 4069 1833 4125 causis
1880 4067 2165 4144 Linquae
2210 4068 2337 4125 La-

287 4155 453 4231 tirqae
501 4156 998 4227 commentar-iae,
1049 4172 1181 4211 cum
1227 4152 1424 4211 Notis.
1475 4153 1779 4229 Franeq.,
1832 4150 2033 4210 1687.

240 4240 245 4245 ’
367 4239 728 4297 Franciscus
773 4238 1043 4297 Sanchez
1089 4239 1581 4314 (1523—1601),
1628 4238 1968 4315 HispauuS,
2018 4238 2121 4313 qui
2168 4238 2336 4296 Sala-

285 4326 590 4383 manticae
633 4324 904 4401 linguam
950 4324 1241 4381 Graecam
1285 4324 1590 4400 professus
1636 4327 1759 4396 est,
1808 4322 1969 4398 hunc
2013 4324 2233 4382 librum
2281 4343 2336 4385 a.

294 4412 450 4467 1587
503 4409 709 4468 edidit.

372 4493 428 4575 ⁴)
519 4494 737 4555 Nescio
783 4496 918 4573 quis
959 4493 1170 4553 fuerit.-
