2975 5209
1509 444 1646 507 24·

1422 637 1683 724 ΧΠι).
1804 673 1811 681 ,

1247 718 1414 819 ‘lano
1459 753 1850 819 Brouckhusio

1345 840 1463 905 Nic.
1503 839 1785 905 Heinsius,

1784 945 2031 1009 Montes
2080 944 2493 1009 Hannoniae.

621 1058 864 1125 Montes
916 1058 1058 1123 illos
1105 1056 1515 1141 Harmoniae,
1571 1056 1776 1120 cubile
1823 1055 2038 1125 Martis
2086 1056 2423 1142 inclytum,
2478 1076 2596 1122 nec
2686 1150 2693 1155 .

529 1179 862 1267 quicquam
934 1176 1182 1241 Haemo
1256 1174 1526 1239 Thracio
1595 1175 1979 1261 pacatiores,
2050 1174 2215 1239 unde
2264 1174 2417 1237 nihil
2466 1173 2596 1237 nisi

527 1296 866 1363 barbarum
941 1302 1124 1383 atque
1193 1295 1273 1360 ab
1326 1296 1494 1359 omni
1541 1296 1920 1361 humanitate
1969 1296 2273 1380 alienum,
2328 1300 2395 1357 ut
2444 1298 2585 1357 sunt

526 1424 848 1506 tempora,
924 1416 1374 1503 expectabam,
1448 1415 1547 1481 Tu
1615 1415 2011 1480 Brouckhusi
2087 1415 2591 1502 elegantissime,

528 1537 590 1601 in
642 1558 883 1602 merum
934 1535 1353 1621 Parnassum,
1408 1544 1592 1623 atque
1640 1536 1700 1599 in
1737 1535 2246 1601 delicatissimum
2276 1535 2595 1602 Musarum

536 1656 748 1721 nidum
815 1658 1070 1743 repente
1137 1677 1470 1721 conversos
1544 1656 1723 1721 nobis
1791 1655 2166 1741 exhibuisti,
2239 1655 2399 1721 datis
2446 1655 2595 1722 inde

537 1776 619 1841 ad
681 1796 783 1841 me
849 1775 1134 1840 versibus
1157 1768 1209 1860 2)
1275 1776 1441 1839 omni
1510 1797 1591 1841 ex
1658 1782 1836 1862 parte
1904 1782 2035 1839 tam
2103 1777 2412 1862 venustis,
2466 1783 2594 1841 tam

538 1894 785 1981 politis,
836 1902 904 1960 ut
953 1917 1030 1961 ne
1075 1894 1324 1963 Momus
1363 1897 1618 1984 quidem
1664 1896 1724 1960 in
1774 1897 1850 1960 iis
1900 1896 2227 1982 carpendis
2264 1895 2595 1983 quicquam

537 2014 1000 2101 deprehendat,
1077 2016 1195 2081 nisi
1266 2016 1319 2079 si
1391 2017 1494 2081 vel
1528 2010 1532 2014 ’
1568 2037 1763 2080 unum
1843 2016 2128 2080 fortassis
2206 2016 2371 2102 quod
2444 2012 2595 2080 mihi

541 2142 684 2228 sunt
747 2136 1064 2223 inscripti,
1132 2136 1309 2220 cujus
1360 2156 1519 2200 vena
1566 2157 1681 2222 per
1730 2135 2113 2224 iniquitatem
2161 2137 2389 2223 partim
2436 2142 2589 2202 tem·
2648 2208 2651 2213 ,

549 2273 808 2343 porum,
857 2256 1083 2341 partim
1133 2276 1248 2342 per
1295 2256 1626 2321 molestum
1677 2253 2049 2320 valetudinis
2089 2255 2412 2321 diuturnae
2444 2279 2596 2322 onus

557 2395 860 2461 oppressa
938 2374 1323 2461 jampridem
1400 2396 1655 2461 prorsus
1738 2375 1996 2439 exaruit.
2120 2374 2288 2441 Cave
2358 2376 2601 2442 interim

569 2495 888 2559 existimes
937 2495 1067 2559 ullo
1119 2494 1197 2559 ab
1249 2514 1398 2580 rege
1444 2496 1709 2580 mimus,
1782 2495 2017 2560 lautum
2063 2502 2372 2583 utcunque
2421 2504 2603 2584 atque

540 2615 942 2701 opulentum,
1017 2614 1280 2701 perferri
1353 2615 1430 2680 ad
1500 2636 1600 2678 me
1666 2615 1977 2701 potuisse,
2032 2616 2198 2701 quod
2247 2638 2367 2681 non
2416 2617 2601 2702 longe

529 2731 700 2798 'infra
749 2732 1146 2821 splendorem
1195 2741 1337 2799 tuae
1386 2734 1838 2799 munificentiae
1888 2734 2320 2799 collocandum
2357 2712 2594 2822 putem.

536 2852 702 2925 Quid
782 2854 947 2917 enim
1019 2854 1189 2919 fluxa
1256 2855 1366 2919 illa
1416 2861 1478 2920 et
1527 2853 1763 2919 caduca
1810 2876 1928 2921 non
1981 2876 2305 2940 censeam,
2360 2855 2412 2919 si
2441 2860 2602 2920 'cum

543 2973 662 3038 tuis
732 2980 1208 3069 comparentur,
1283 2958 1385 3061 oui
1453 2973 1593 3061 ipsa
1640 2974 2108 3061 immortalitate
2156 2996 2258 3039 me
2309 2975 2603 3041 donatum

444 3085 456 3091 ’
534 3074 656 3157 αὀέ
721 3098 782 3157 te
835 3110 1146 3182 agnosco.
1257 3092 1385 3157 Det
1456 3091 1670 3177 Deus,
1724 3099 1791 3157 ut
1836 3094 2056 3158 militia
2103 3102 2210 3158 tua
2259 3096 2594 3183 aliquando

538 3212 840 3278 honorata
907 3211 1230 3277 defunctus
1279 3214 1339 3276 in
1393 3213 1756 3298 tranquillos
1805 3210 2123 3279 Musarum
2172 3216 2338 3281 sinus
2390 3216 2599 3283 confu-

539 3332 714 3418 gias,
788 3312 1050 3420 cumque
1121 3334 1406 3399 Francio
1477 3342 1687 3398 nostro
1759 3354 1831 3398 ac
1878 3322 2219 3421 'G-raemb,
2275 3336 2381 3423 qui
2428 3344 2488 3402 te
2535 3337 2597 3403 in

540 3454 734 3518 oculis
783 3453 1024 3532 ferunt,
1069 3454 1382 3539 jucundos
1437 3453 1570 3519 dies
1619 3455 1939 3541 plusculos
1990 3455 2154 3541 apud
2202 3478 2304 3521 me
2354 3457 2415 3521 in
2450 3458 2596 3523 nido

537 3572 836 3638 Vianensi
887 3574 1142 3658 exigas,
1194 3574 1432 3637 futurus
1482 3573 1637 3637 mihi
1686 3574 1917 3660 hospes
1966 3576 2153 3660 longe
2185 3576 2592 3661 gratissimus.

537 3692 722 3769 Certe
769 3692 941 3779 prius
983 3693 1422 3779 antiquiusque
1456 3691 1607 3757 nihil
1642 3693 1841 3759 habeo
1870 3743 1884 3778 ,
1924 3716 2110 3781 quam
2142 3696 2419 3761 fortunas
2454 3703 2592 3761 tuas

479 3788 486 3793 '
535 3811 750 3878 videre
801 3812 1214 3898 compositas,
1297 3818 1362 3876 ut
1410 3811 1590 3877 bonis
1642 3813 1875 3877 artibus
1924 3815 2133 3905 lumen
2185 3823 2369 3902 atque
2420 3838 2594 3881 emo-

536 3932 880 3997 lumentum
927 3930 1144 4017 ingens
1194 3931 1307 3995 abs
1356 3937 1417 3996 te
1467 3932 1742 3997 accedat.
1840 3931 2040 4018 Vale,
2112 3940 2176 3998 et
2222 3934 2373 3999 mihi
2423 3936 2590 4002 velle

535 4072 770 4139 perge,
846 4051 951 4137 qui
1021 4057 1082 4116 te
1156 4051 1379 4117 merito
1452 4059 1559 4118 tuo
1636 4054 1811 4138 plus,
1891 4073 2076 4139 quam
2141 4053 2356 4119 credas
2406 4056 2589 4120 facio,

538 4171 768 4257 Hagae
795 4171 1106 4237 Comitum
1135 4192 1188 4237 a.
1221 4172 1278 4236 d.
1313 4171 1398 4237 X.
1427 4171 1484 4237 N
1492 4172 1737 4237 ovemb.
1783 4168 2393 4237 GIOIOOLXXVII.

635 4293 678 4366 ')
724 4272 1058 4370 Exem—plar
1078 4289 1257 4350 huius
1288 4290 1582 4369 epistolae
1608 4292 1782 4353 estin
1806 4292 2186 4352 Bibliotheca
2208 4292 2583 4353 Traiectina.

629 4374 680 4452 2)
770 4378 933 4438 Misit
974 4376 1392 4437 Broukhusius
1439 4377 1697 4456 elegiam
1743 4377 1847 4437 Ad
1893 4378 2217 4439 Nicolaum
2268 4378 2595 4439 Heinsium

541 4463 744 4541 (videt
793 4464 1027 4539 Poena,
1072 4463 1213 4543 pag.
1263 4464 1386 4539 40).
1442 4463 1534 4523 Of.
1587 4462 1909 4542 Sylloyen‚
1952 4463 2079 4540 l.l.‚
2125 4482 2263 4543 pag.
2314 4465 2457 4524 503.
