2975 5209
1296 500 1425 566 159

325 718 472 761 meo
519 698 730 783 paullo
780 718 967 783 quam
1016 704 1196 762 antea
1243 697 1356 763 fuit
1388 699 1773 782 nitidiorem,
1826 675 2009 784 atque
2046 719 2082 761 a
2119 697 2377 783 scripto-

326 837 468 880 rum
516 815 799 902 codicum
847 816 1014 881 fideli
1062 838 1182 903 ope
1217 818 1455 882 mendis
1489 819 1690 882 minus
1724 818 1931 881 multis
1962 818 2370 904 inquinatum.
2398 859 2411 867 -

327 933 494 998 Nam
562 941 629 1000 ut
700 936 908 1000 omnia
977 958 1014 999 a
1082 959 1181 1001 me
1253 944 1632 1024 perpurgata
1704 958 1842 1001 esse
1904 936 2199 1022 credam,
2256 958 2377 1001 non

329 1053 470 1117 sinit
553 1054 863 1119 humanae
953 1054 1317 1121 conditionis
1397 1056 1828 1141 imbecillitas,
1917 1076 2119 1141 neque
2194 1077 2376 1121 meae

334 1173 696 1239 valetudinis
768 1173 958 1259 ratio,
1035 1196 1148 1262 per
1212 1197 1398 1262 quam
1445 1195 1897 1261 saepenumero
1946 1173 2179 1239 factum
2230 1174 2380 1260 fuit,

328 1299 396 1357 ut
450 1294 511 1357 in
560 1293 768 1359 medio
817 1315 998 1360 cursu
1046 1295 1507 1360 subsistendum
1556 1293 1707 1357 mihi
1756 1293 2055 1359 senserim
2108 1315 2182 1359 ac
2239 1293 2376 1357 stri·

330 1412 618 1497 gandam.
717 1413 886 1478 Data
949 1420 1158 1480 tamen
1223 1423 1317 1480 est
1379 1437 1574 1501 opera
1638 1414 1807 1479 haud
1879 1414 2247 1500 indiligens,
2308 1435 2386 1480 ne

333 1533 476 1617 quid
537 1536 1164 1620 praetermitteretur,
1235 1535 1402 1620 quod
1469 1534 1676 1600 facere
1744 1542 1960 1621 posset
2028 1533 2107 1599 ad
2178 1536 2381 1599 lucem

335 1652 550 1737 optimi
617 1658 882 1739 poetae,
961 1661 1056 1740 et,
1133 1655 1187 1718 si
1256 1656 1342 1719 ita
1413 1655 1585 1741 loqui
1656 1655 1837 1740 licet,
1908 1654 2381 1720 Romanissimi.
2446 1700 2453 1706 -

336 1769 648 1844 Quantum
737 1779 945 1838 autem
1014 1775 1387 1860 praestiterit
1458 1795 1602 1838 mea
1676 1774 1776 1838 hic
1847 1774 2175 1859 industria,
2245 1772 2383 1860 Tu,

332 1889 449 1955 Vir
517 1891 960 1978 Amplissime,
1036 1915 1191 1958 unus
1266 1895 1541 1958 omnium
1618 1894 1850 1981 optime
1936 1899 2204 1975 statues,
2246 1891 2382 1979 Tu,

337 2011 620 2109 inquam,
697 2013 801 2100 qui
872 2003 1094 2100 quum'
1133 2014 1408 2079 omnium
1484 2012 1944 2102 disciplinarum
1995 2014 2199 2100 spatia
2246 2035 2389 2078 cum

338 2131 524 2198 laude
592 2133 676 2197 sis
743 2153 1065 2219 emensus,
1119 2155 1318 2221 neque
1365 2135 1425 2198 in
1473 2134 1572 2198 his
1622 2133 1847 2198 nostris
1898 2132 2093 2197 literis
2141 2132 2389 2218 ignores

339 2251 710 2339 quidquam,
805 2274 985 2318 suum
1071 2255 1290 2341 cuique
1373 2255 1466 2319 rei
1561 2254 1841 2340 precium
1914 2274 2147 2340 ponere
2250 2274 2392 2318 cum

331 2393 583 2437 summa
654 2375 962 2459 aequitate
1013 2375 1149 2458 jam
1222 2375 1372 2440 olim
1431 2374 1719 2439 didicisti.
1818 2373 2038 2459 Itaque
2088 2371 2227 2437 Tuo
2250 2393 2389 2458 ‘ego

341 2491 593 2556 arbitrio
666 2493 769 2557 vel
823 2499 994 2558 stare·
1039 2495 1136 2558 vel
1186 2495 1409 2560 cadere
1458 2495 1607 2559 volo
1644 2543 1659 2579 ,
1712 2495 1893 2558 unice
1942 2513 2195 2558 securus
2246 2491 2394 2578 quid

341 2611 422 2677 de
506 2633 608 2676 me
672 2611 952 2696 judicent
1019 2615 1325 2677 minorum
1391 2615 1668 2699 gentium
1740 2612 2103 2677 Aristarchi.
2204 2611 2380 2675 Deus

344 2727 422 2794 Ο.
474 2729 568 2795 M.-
611 2729 741 2816 Te,
793 2730 906 2795 Vir
954 2730 1394 2818 Amplissime‚
1451 2754 1638 2818 quam
1688 2732 2174 2796 clementissime
2221 2730 2390 2794 inco-

341 2851 575 2916 lumem
646 2852 794 2916 velit
865 2873 938 2916 ac
1009 2854 1335 2938 sospitem,
1399 2874 1521 2917 non
1570 2853 1914 2916 studiorum
1962 2852 2167 2915 minus
2217 2850 2383 2914 bono

343 2972 692 3058 communi,
746 2993 932 3057 quam
978 2972 1397 3057 reipublicae!

438 3089 804 3156 Scribebam
854 3114 1074 3178 aeger,
1128 3113 1201 3156 ac
1249 3094 1436 3178 longo
1487 3093 1654 3156 malo
1705 3097 1941 3156 tantum
1991 3111 2111 3155 non
2145 3089 2387 3176 penitus

345 3210 612 3296 fractus,
688 3210 1034 3277 Amstelod.
1111 3213 1175 3276 in
1249 3233 1456 3277 eremo
1530 3212 1922 3297 suburban0,
1979 3213 2057 3274 21
2116 3208 2434 3294 Augusti·

357 3330 643 3414 17071)

1170 3545 1577 3630 OXJCKV2)

1104 3688 1240 3752 lano
1287 3689 1640 3753 Broukhusio

1135 3800 1285 3865 Gish.
1332 3801 1607 3880 Cuperus.

434 3938 760 4004 Eruditum
828 3941 1104 4027 inprimis
1154 3964 1375 4006 munus
1426 3951 1597 4007 tuum
1648 3943 1901 4027 accepi,
1956 3947 2018 4006 et
2063 3940 2155 4005 illi
2219 3939 2389 4005 evol-

339 4057 577 4145 vendo,
665 4070 957 4146 quantum
1028 4063 1322 4147 temporis
1397 4062 1789 4148 occupationi
1856 4082 2035 4126 meae
2084 4060 2394 4146 surripere

337 4178 552 4264 potui,
642 4179 938 4266 impendi.
1035 4179 1239 4246 Video
1333 4203 1455 4246 non
1532 4181 1767 4267 absque
1842 4180 2177 4266 singulari,
2253 4179 2381 4245 imo

440 4349 482 4425 ¹)
568 4353 674 4410 Est
737 4353 890 4410 haec
952 4356 1260 4430 postrema
1319 4369 1502 4428 quam
1545 4353 1668 4411 vidi
1710 4352 2075 4411 Broukhusii
2121 4351 2393 4429 epistola.

430 4435 596 4496 Obiit
642 4438 698 4495 d.
743 4437 862 4494 XV
905 4438 1190 4496 Decemb.
1241 4438 1368 4496 eius
1415 4436 1578 4495 anni.

431 4523 478 4598 2)
569 4523 637 4579 [11
679 4522 1064 4583 Bibliotheca
1105 4523 1300 4601 Regia
1343 4523 1622 4600 Hagana.
