2975 5209
1392 470 1476 539 35

409 670 636 734 siculos
709 691 883 737 meos
927 673 982 755 ¹),
1037 691 1158 733 non
1207 669 1383 756 paria
1433 689 1575 732 cum
1623 669 1745 734 tuis
1795 670 2099 752 faciut-oe,
2157 671 2269 736 sed
2318 666 2463 735 sub-

414 790 705 875 verebar,
789 811 866 855 ne
947 810 1166 875 parum
1241 811 1321 853 ex
1394 789 1621 853 decoro
1696 784 2025 874 ἀσύμβολος
2100 797 2165 855 te
2238 808 2459 855 conve-

414 910 628 995 nirem,
675 926 802 973 tam
844 910 1162 995 exquisitis
1199 910 1448 992 lautitijs
1492 918 1881 995 provocatus.
1983 887 2464 975 Dedicatione'm

415 1030 906 1115 complectuntur
968 1028 1239 1092 Maronis
1289 1029 1451 1113 mei,
1506 1049 1689 1115 quem
1740 1028 1846 1091 diu
1898 1036 2025 1114 est,
2088 1029 2251 1115 quod
2304 1029 2468 1115 Regi

419 1145 934 1212 Christianissimo
992 1148 1376 1212 destinabam
1413 1147 1837 1233 offerendum,
1878 1149 1987 1212 sed
2021 1148 2467 1234 inopportunus

420 1265 569 1329 belli
619 1268 833 1352 nuperi
867 1267 1244 1331 interventus
1281 1267 1550 1332 officium
1583 1269 2074 1355 procrastinavit.
2160 1268 2491 1335 Misissem·

315 1464 324 1473 ·
420 1385 703 1451 libellum
754 1388 996 1473 ipsum,
1051 1388 1104 1451 si
1155 1388 1316 1473 quod
1369 1390 1501 1452 eius
1552 1389 1881 1475 exemplar
1911 1389 1971 1453 in
2011 1397 2261 1474 promtu
2287 1388 2466 1475 foret,

422 1527 792 1593 quamquam
827 1507 978 1570 nihil
1011 1485 1311 1572 attinebat
1343 1509 1515 1572 hisce
1533 1508 1767 1572 frivolis
1798 1508 2163 1573 tabellarios
2192 1530 2465 1574 onerare.

421 1625 516 1689 Te
587 1647 768 1709 vero,
824 1627 916 1689 vir
965 1628 1493 1713 ingeniosissime,
1548 1629 1783 1713 utinam
1834 1629 2167 1714 aliquando
2216 1630 2471 1714 ingratis

422 1746 678 1809 militiae
730 1747 1018 1811 oneribus
1069 1749 1423 1812 exsolutum
1473 1748 1840 1832 videamus,
1886 1770 1969 1813 -ac
2020 1750 2147 1815 voti
2179 1752 2471 1837 tranquil-

345 1892 352 1899 ·
421 1866 592 1929 lioris
663 1868 1050 1951 compotem!
1125 1865 1321 1951 Vale,
1396 1888 1658 1955 meque,
1732 1868 1897 1955 quod
1948 1890 2135 1955 supra
2183 1870 2472 1935 meritum

423 2006 634 2049 meum
683 1986 982 2049 hactenus
1030 1985 1264 2071 fecisti,
1316 2010 1510 2072 perge
1560 1989 1869 2053 adamare.
2003 1967 2009 1975 ”

520 2086 760 2170 Vianae
812 2106 891 2169 ad
939 2106 1210 2170 Leccam

1279 2148 1483 2205 XXIV*
1569 2106 1734 2193 May.
1791 2103 2371 2171 OIfflOsAEXXIX.
2446 2131 2453 2139 ·

1243 2252 1561 2271 *J‘JNMWVVVXJK‘
1564 2252 1654 2268 XFJ'OE

1269 2329 1494 2395 xxm
1526 2332 1596 2415 2).

1212 2446 1441 2509 Nicolao
1487 2445 1712 2510 Heinsio

1143 2530 1313 2594 lanus
1357 2530 1757 2595 BroukhusiuS.

520 2670 688 2733 Misit
749 2670 828 2733 ad
889 2692 989 2735 me
1038 2670 1338 2757 proximis
1389 2669 1606 2733 diebus
1656 2669 1956 2733 Francius
2006 2674 2213 2733 noster
2260 2668 2471 2733 literas

347 2841 360 2847 -
425 2795 603 2872 tuaS,
679 2788 792 2853 Vir
859 2789 1254 2873 Clarissime,
1326 2811 1447 2853 una
1517 2810 1653 2852 cum
1722 2788 2109 2852 dedicatione
2165 2787 2470 2871 Maronis,

351 2952 356 2957 -
429 2930 614 2995 quam
667 2930 784 2993 ego
837 2910 1084 2995 quidem
1133 2909 1218 2972 ita
1253 2908 1561 2991 admiror,
1618 2916 1682 2971 ut
1717 2908 1866 2970 nihil
1902 2928 2108 2994 supra.
2160 2906 2471 2993 Equidem

429 3048 507 3091 ne
554 3028 614 3090 in
667 3029 1092 3092 assentationis
1140 3028 1553 3114 suspicionem
1587 3027 1933 3111 incurram,
1987 3026 2268 3117 pluribus
2304 3047 2473 3089 men-

429 3154 555 3210 tem
624 3168 829 3211 meam
899 3149 1212 3233 explicare
1281 3145 1742 3233 supersedebo:
1810 3167 1999 3209 unum
2067 3145 2254 3209 modo
2320 3145 2501 3217 illud,

434 3266 724 3350 dixerim,
778 3288 892 3354 par
942 3288 1078 3331 esse
1127 3288 1348 3329 munus
1397 3272 1567 3329 tanto
1620 3265 1803 3349 Regi.
1902 3263 2221 3327 Maronem
2269 3264 2474 3348 ipsum

433 3385 633 3449 mittet
680 3385 830 3449 mihi
880 3386 1218 3469 Francius,
1273 3393 1334 3449 et
1381 3386 1607 3449 vellem
1652 3384 1785 3467 jam
1831 3383 2119 3447 misisset.
2219 3380 2475 3445 Mirifice
2552 3408 2559 3417 ·

435 3504 600 3567 enim
651 3505 987 3569 delectatus
1031 3526 1164 3569 sum
1201 3525 1448 3589 semper
1479 3504 1742 3568 lectione
1773 3502 1939 3565 illius
1972 3507 2235 3587 poetae3
2291 3522 2475 3586 quam

435 3624 852 3710 voluptatem,
905 3632 972 3687 ut
1022 3645 1323 3709 auguror,
1379 3643 1566 3708 supra
1615 3622 2114 3707 expectationem
2165 3618 2479 3704 augebunt

425 3750 575 3807 tuae
637 3744 796 3807 istae
847 3744 1320 3807 lucubrationes.
1429 3740 1708 3825 Utinam,
1758 3741 1845 3803 mi
1894 3740 2153 3824 Heinsi,
2208 3739 2477 3802 animum

427 3862 758 3948 aliquando
841 3862 1097 3947 adjicias
1173 3862 1251 3925 ad
1328 3882 1607 3925 amorum
1686 3858 2071 3925 Triumviros
2135 3859 2315 3922 nitori
2366 3879 2478 3922 suo

423 3980 880 4066 restituendos,
939 3980 1402 4066 ornandamque
1455 3979 1532 4043 de
1566 4000 1725 4043 novo
1765 3978 2017 4043 Calabri
2060 3978 2205 4041 vatis
2234 3979 2471 4063 lyram!

431 4098 650 4163 Omnis
723 4101 884 4164 enim
933 4078 1234 4165 'veterum
1303 4120 1561 4182 manUS,
1618 4099 1801 4161 etiam
1852 4098 2156 4183 minorum
2205 4097 2480 4180 gentium

434 4198 588 4207 ——

537 4244 576 4317 ¹)
663 4245 981 4304 Adiectum
1048 4250 1138 4303 est
1205 4261 1476 4317 carmen,
1548 4260 1664 4318 quo
1718 4242 1939 4299 librum
2006 4258 2177 4299 suum
2223 4238 2479 4297 dedicat.

436 4329 642 4387 Editio
687 4331 942 4409 Vergilii
989 4350 1024 4387 a
1067 4329 1319 4387 Heinsio
1353 4333 1563 4386 curata
1590 4327 1814 4404 prodiit
1846 4346 1897 4384 a.
1938 4329 2054 4385 167
2064 4329 2135 4400 63
2182 4324 2480 4383 dedicatio

437 4420 645 4476 tamen
690 4416 835 4473 anni
885 4418 1045 4473 1679
1097 4433 1225 4473 esse
1272 4413 1527 4473 videtur.

530 4496 582 4573 ²)
668 4500 740 4558 In
783 4501 1165 4560 Bibliotheca
1208 4498 1570 4557 Traiectina.
