<?xml version="1.0" encoding="UTF-8"?>
<!DOCTYPE html PUBLIC "-//W3C//DTD XHTML 1.0 Transitional//EN"
    "http://www.w3.org/TR/xhtml1/DTD/xhtml1-transitional.dtd">
<html xmlns="http://www.w3.org/1999/xhtml" xml:lang="en" lang="en">
 <head>
  <title>
</title>
<meta http-equiv="Content-Type" content="text/html;charset=utf-8" />
  <meta name='ocr-system' content='tesseract 3.04.00' />
  <meta name='ocr-capabilities' content='ocr_page ocr_carea ocr_par ocr_line ocrx_word'/>
</head>
<body>
  <div class='ocr_page' id='page_1' title='image "./epistolaeselect00worpgoog_0084.png"; bbox 0 0 2975 5209; ppageno 0'>
   <div class='ocr_carea' id='block_1_1' title="bbox 1560 486 1647 549">
    <p class='ocr_par' dir='ltr' id='par_1_1' title="bbox 1560 486 1647 549">
     <span class='ocr_line' id='line_1_1' title="bbox 1560 486 1647 549; baseline 0 0"><span class='ocrx_word' id='word_1_1' title='bbox 1560 486 1647 549; x_wconf 80' lang='lat'>70</span> 
     </span>
    </p>
   </div>
   <div class='ocr_carea' id='block_1_2' title="bbox 584 681 2654 1365">
    <p class='ocr_par' dir='ltr' id='par_1_2' title="bbox 584 681 2654 1365">
     <span class='ocr_line' id='line_1_2' title="bbox 584 681 2654 770; baseline 0 -24"><span class='ocrx_word' id='word_1_2' title='bbox 584 681 694 746; x_wconf 89' lang='lat' dir='ltr'>sed</span> <span class='ocrx_word' id='word_1_3' title='bbox 763 688 1076 769; x_wconf 83' lang='lat' dir='ltr'>premetur</span> <span class='ocrx_word' id='word_1_4' title='bbox 1147 704 1286 747; x_wconf 89' lang='lat' dir='ltr'>cum</span> <span class='ocrx_word' id='word_1_5' title='bbox 1355 683 1611 770; x_wconf 85' lang='lat' dir='ltr'>reliquis</span> <span class='ocrx_word' id='word_1_6' title='bbox 1678 684 1835 746; x_wconf 89' lang='lat' dir='ltr'>meis</span> <span class='ocrx_word' id='word_1_7' title='bbox 1900 683 2203 747; x_wconf 84' lang='lat' dir='ltr'>versibus.</span> <span class='ocrx_word' id='word_1_8' title='bbox 2306 682 2654 747; x_wconf 75' lang='lat' dir='ltr'>Cramer-us</span> 
     </span>
     <span class='ocr_line' id='line_1_3' title="bbox 586 802 2654 887; baseline 0.001 -22"><span class='ocrx_word' id='word_1_9' title='bbox 586 809 796 867; x_wconf 86' lang='lat' dir='ltr'>noster</span> <span class='ocrx_word' id='word_1_10' title='bbox 844 802 950 867; x_wconf 92' lang='lat' dir='ltr'>ubi</span> <span class='ocrx_word' id='word_1_11' title='bbox 1001 808 1310 867; x_wconf 84' lang='lat' dir='ltr'>terrarum</span> <span class='ocrx_word' id='word_1_12' title='bbox 1362 802 1550 887; x_wconf 78' lang='lat' dir='ltr'>degat</span> <span class='ocrx_word' id='word_1_13' title='bbox 1598 804 1649 865; x_wconf 92' lang='lat' dir='ltr'>si</span> <span class='ocrx_word' id='word_1_14' title='bbox 1698 804 1953 887; x_wconf 86' lang='lat' dir='ltr'>scirem,</span> <span class='ocrx_word' id='word_1_15' title='bbox 2008 807 2093 886; x_wconf 85' lang='lat' dir='ltr'>(et</span> <span class='ocrx_word' id='word_1_16' title='bbox 2140 810 2344 868; x_wconf 83' lang='lat' dir='ltr'>tamen</span> <span class='ocrx_word' id='word_1_17' title='bbox 2380 806 2654 868; x_wconf 82' lang='lat' dir='ltr'>sanctis-</span> 
     </span>
     <span class='ocr_line' id='line_1_4' title="bbox 584 923 2653 1009; baseline 0.001 -24"><span class='ocrx_word' id='word_1_18' title='bbox 584 923 740 986; x_wconf 84' lang='lat' dir='ltr'>sime</span> <span class='ocrx_word' id='word_1_19' title='bbox 789 923 1204 1009; x_wconf 80' lang='lat' dir='ltr'>promiserat),</span> <span class='ocrx_word' id='word_1_20' title='bbox 1261 944 1380 986; x_wconf 87' lang='lat' dir='ltr'>non</span> <span class='ocrx_word' id='word_1_21' title='bbox 1443 930 1571 985; x_wconf 79' lang='lat' dir='ltr'>tam</span> <span class='ocrx_word' id='word_1_22' title='bbox 1622 923 1844 985; x_wconf 87' lang='lat' dir='ltr'>nullius</span> <span class='ocrx_word' id='word_1_23' title='bbox 1896 944 2099 987; x_wconf 88' lang='lat' dir='ltr'>essem</span> <span class='ocrx_word' id='word_1_24' title='bbox 2132 924 2384 1005; x_wconf 83' lang='lat' dir='ltr'>frontis,</span> <span class='ocrx_word' id='word_1_25' title='bbox 2426 932 2493 985; x_wconf 84' lang='lat' dir='ltr'>ut</span> <span class='ocrx_word' id='word_1_26' title='bbox 2516 924 2653 987; x_wconf 89' lang='lat' dir='ltr'>hoc</span> 
     </span>
     <span class='ocr_line' id='line_1_5' title="bbox 589 1040 2651 1129; baseline 0.001 -25"><span class='ocrx_word' id='word_1_27' title='bbox 589 1041 878 1128; x_wconf 91' lang='lat' dir='ltr'>quicquid</span> <span class='ocrx_word' id='word_1_28' title='bbox 947 1049 1040 1105; x_wconf 87' lang='lat' dir='ltr'>est</span> <span class='ocrx_word' id='word_1_29' title='bbox 1111 1041 1312 1106; x_wconf 88' lang='lat' dir='ltr'>oneris</span> <span class='ocrx_word' id='word_1_30' title='bbox 1370 1042 1430 1105; x_wconf 90' lang='lat' dir='ltr'>in</span> <span class='ocrx_word' id='word_1_31' title='bbox 1500 1048 1565 1105; x_wconf 81' lang='lat' dir='ltr'>te</span> <span class='ocrx_word' id='word_1_32' title='bbox 1638 1042 1981 1125; x_wconf 82' lang='lat' dir='ltr'>rejicerem.</span> <span class='ocrx_word' id='word_1_33' title='bbox 2084 1040 2275 1129; x_wconf 88' lang='lat' dir='ltr'>Apud</span> <span class='ocrx_word' id='word_1_34' title='bbox 2350 1064 2461 1107; x_wconf 90' lang='lat' dir='ltr'>nos</span> <span class='ocrx_word' id='word_1_35' title='bbox 2514 1066 2651 1129; x_wconf 91' lang='lat' dir='ltr'>quo</span> 
     </span>
     <span class='ocr_line' id='line_1_6' title="bbox 588 1159 2651 1247; baseline 0.001 -23"><span class='ocrx_word' id='word_1_36' title='bbox 588 1160 788 1225; x_wconf 86' lang='lat' dir='ltr'>minus</span> <span class='ocrx_word' id='word_1_37' title='bbox 874 1159 973 1225; x_wconf 91' lang='lat' dir='ltr'>edi</span> <span class='ocrx_word' id='word_1_38' title='bbox 1039 1160 1338 1245; x_wconf 82' lang='lat' dir='ltr'>jubeam,</span> <span class='ocrx_word' id='word_1_39' title='bbox 1427 1182 1615 1225; x_wconf 83' lang='lat' dir='ltr'>causa</span> <span class='ocrx_word' id='word_1_40' title='bbox 1688 1183 1806 1226; x_wconf 90' lang='lat' dir='ltr'>non</span> <span class='ocrx_word' id='word_1_41' title='bbox 1881 1183 2001 1225; x_wconf 84' lang='lat' dir='ltr'>una</span> <span class='ocrx_word' id='word_1_42' title='bbox 2052 1170 2160 1225; x_wconf 83' lang='lat' dir='ltr'>est.</span> <span class='ocrx_word' id='word_1_43' title='bbox 2264 1162 2362 1226; x_wconf 93' lang='lat' dir='ltr'>De</span> <span class='ocrx_word' id='word_1_44' title='bbox 2413 1163 2651 1247; x_wconf 90' lang='lat' dir='ltr'>quibus</span> 
     </span>
     <span class='ocr_line' id='line_1_7' title="bbox 591 1279 2647 1365; baseline 0.001 -22"><span class='ocrx_word' id='word_1_45' title='bbox 591 1298 818 1343; x_wconf 86' lang='lat' dir='ltr'>coram.</span> <span class='ocrx_word' id='word_1_46' title='bbox 917 1279 1173 1343; x_wconf 83' lang='lat' dir='ltr'>Interim</span> <span class='ocrx_word' id='word_1_47' title='bbox 1226 1280 1432 1344; x_wconf 84' lang='lat' dir='ltr'>valere</span> <span class='ocrx_word' id='word_1_48' title='bbox 1482 1286 1546 1343; x_wconf 87' lang='lat' dir='ltr'>tc</span> <span class='ocrx_word' id='word_1_49' title='bbox 1589 1280 1825 1365; x_wconf 84' lang='lat' dir='ltr'>jubeo,</span> <span class='ocrx_word' id='word_1_50' title='bbox 1878 1281 1963 1343; x_wconf 89' lang='lat' dir='ltr'>mi</span> <span class='ocrx_word' id='word_1_51' title='bbox 2015 1282 2331 1346; x_wconf 84' lang='lat' dir='ltr'>carissime</span> <span class='ocrx_word' id='word_1_52' title='bbox 2381 1281 2647 1365; x_wconf 77' lang='lat' dir='ltr'>Graevi,</span> 
     </span>
    </p>
   </div>
   <div class='ocr_carea' id='block_1_3' title="bbox 589 1401 2645 1589">
    <p class='ocr_par' dir='ltr' id='par_1_3' title="bbox 589 1401 2645 1589">
     <span class='ocr_line' id='line_1_8' title="bbox 589 1401 2645 1489; baseline 0.001 -24"><span class='ocrx_word' id='word_1_53' title='bbox 589 1406 690 1485; x_wconf 88' lang='lat' dir='ltr'>et,</span> <span class='ocrx_word' id='word_1_54' title='bbox 743 1401 797 1465; x_wconf 90' lang='lat' dir='ltr'>si</span> <span class='ocrx_word' id='word_1_55' title='bbox 836 1402 1060 1465; x_wconf 89' lang='lat' dir='ltr'>mereri</span> <span class='ocrx_word' id='word_1_56' title='bbox 1100 1401 1352 1487; x_wconf 84' lang='lat' dir='ltr'>videor,</span> <span class='ocrx_word' id='word_1_57' title='bbox 1405 1401 1868 1467; x_wconf 89' lang='lat' dir='ltr'>Broukhusium</span> <span class='ocrx_word' id='word_1_58' title='bbox 1904 1410 2073 1466; x_wconf 83' lang='lat' dir='ltr'>tuum</span> <span class='ocrx_word' id='word_1_59' title='bbox 2111 1424 2316 1466; x_wconf 78' lang='lat' dir='ltr'>amare</span> <span class='ocrx_word' id='word_1_60' title='bbox 2352 1424 2645 1489; x_wconf 78' lang='lat' dir='ltr'>pergere.</span> 
     </span>
     <span class='ocr_line' id='line_1_9' title="bbox 680 1513 1666 1589; baseline 0.001 -5"><span class='ocrx_word' id='word_1_61' title='bbox 680 1519 1028 1587; x_wconf 82' lang='lat' dir='ltr'>Amstelod.</span> <span class='ocrx_word' id='word_1_62' title='bbox 1083 1524 1168 1587; x_wconf 87' lang='grc'>29</span> <span class='ocrx_word' id='word_1_63' title='bbox 1222 1513 1408 1587; x_wconf 73' lang='lat' dir='ltr'>Junii.</span> <span class='ocrx_word' id='word_1_64' title='bbox 1470 1525 1666 1589; x_wconf 55' lang='lat'><strong>1629.</strong></span> 
     </span>
    </p>
   </div>
   <div class='ocr_carea' id='block_1_4' title="bbox 1529 1648 1735 1756">
    <p class='ocr_par' dir='ltr' id='par_1_4' title="bbox 1529 1648 1735 1756">
     <span class='ocr_line' id='line_1_10' title="bbox 1529 1648 1735 1756; baseline -0.005 0"><span class='ocrx_word' id='word_1_65' title='bbox 1529 1692 1699 1756; x_wconf 82' lang='lat' dir='ltr'>LIX.</span> <span class='ocrx_word' id='word_1_66' title='bbox 1726 1648 1735 1657; x_wconf 67' lang='grc'><em>’</em></span> 
     </span>
    </p>
   </div>
   <div class='ocr_carea' id='block_1_5' title="bbox 1235 1859 2005 2037">
    <p class='ocr_par' dir='ltr' id='par_1_5' title="bbox 1235 1859 2005 2037">
     <span class='ocr_line' id='line_1_11' title="bbox 1235 1859 2005 1942; baseline 0.003 -18"><span class='ocrx_word' id='word_1_67' title='bbox 1235 1860 1426 1924; x_wconf 80' lang='lat' dir='ltr'>loanni</span> <span class='ocrx_word' id='word_1_68' title='bbox 1472 1859 1716 1942; x_wconf 76' lang='lat' dir='ltr'>Georqio</span> <span class='ocrx_word' id='word_1_69' title='bbox 1763 1859 2005 1925; x_wconf 62' lang='lat' dir='ltr'>Graevii)</span> 
     </span>
     <span class='ocr_line' id='line_1_12' title="bbox 1298 1971 1915 2037; baseline -0.003 -1"><span class='ocrx_word' id='word_1_70' title='bbox 1298 1973 1468 2037; x_wconf 82' lang='lat' dir='ltr'>lanus</span> <span class='ocrx_word' id='word_1_71' title='bbox 1515 1971 1915 2036; x_wconf 80' lang='lat' dir='ltr'>Broukhusius.</span> 
     </span>
    </p>
   </div>
   <div class='ocr_carea' id='block_1_6' title="bbox 589 2138 2650 3896">
    <p class='ocr_par' dir='ltr' id='par_1_6' title="bbox 589 2138 2650 3896">
     <span class='ocr_line' id='line_1_13' title="bbox 683 2138 2650 2225; baseline -0.001 -21"><span class='ocrx_word' id='word_1_72' title='bbox 683 2138 856 2204; x_wconf 86' lang='lat' dir='ltr'>Nihil</span> <span class='ocrx_word' id='word_1_73' title='bbox 927 2161 1048 2204; x_wconf 90' lang='lat' dir='ltr'>non</span> <span class='ocrx_word' id='word_1_74' title='bbox 1124 2138 1236 2204; x_wconf 83' lang='lat' dir='ltr'>tibi</span> <span class='ocrx_word' id='word_1_75' title='bbox 1318 2138 1561 2225; x_wconf 86' lang='lat' dir='ltr'>debe0‚</span> <span class='ocrx_word' id='word_1_76' title='bbox 1640 2140 1725 2203; x_wconf 93' lang='lat' dir='ltr'>mi</span> <span class='ocrx_word' id='word_1_77' title='bbox 1800 2138 2113 2202; x_wconf 79' lang='lat' dir='ltr'>carissime</span> <span class='ocrx_word' id='word_1_78' title='bbox 2184 2146 2393 2224; x_wconf 80' lang='lat' dir='ltr'>pater3</span> <span class='ocrx_word' id='word_1_79' title='bbox 2448 2138 2650 2202; x_wconf 80' lang='lat' dir='ltr'>etiam</span> 
     </span>
     <span class='ocr_line' id='line_1_14' title="bbox 591 2257 2647 2327; baseline 0 -7"><span class='ocrx_word' id='word_1_80' title='bbox 591 2257 741 2321; x_wconf 87' lang='lat' dir='ltr'>nihil</span> <span class='ocrx_word' id='word_1_81' title='bbox 806 2281 927 2324; x_wconf 91' lang='lat' dir='ltr'>non</span> <span class='ocrx_word' id='word_1_82' title='bbox 977 2264 1083 2323; x_wconf 83' lang='lat' dir='ltr'>tua</span> <span class='ocrx_word' id='word_1_83' title='bbox 1135 2280 1323 2323; x_wconf 85' lang='lat' dir='ltr'>causa</span> <span class='ocrx_word' id='word_1_84' title='bbox 1371 2260 1536 2323; x_wconf 78' lang='lat' dir='ltr'>volo,</span> <span class='ocrx_word' id='word_1_85' title='bbox 1642 2258 1891 2323; x_wconf 77' lang='lat' dir='ltr'>Nollem</span> <span class='ocrx_word' id='word_1_86' title='bbox 1940 2257 2025 2321; x_wconf 87' lang='lat' dir='ltr'>ita</span> <span class='ocrx_word' id='word_1_87' title='bbox 2076 2265 2235 2321; x_wconf 81' lang='lat' dir='ltr'>esset</span> <span class='ocrx_word' id='word_1_88' title='bbox 2285 2258 2647 2327; x_wconf 83' lang='lat' dir='ltr'>festinatum</span> 
     </span>
     <span class='ocr_line' id='line_1_15' title="bbox 590 2378 2649 2465; baseline 0 -24"><span class='ocrx_word' id='word_1_89' title='bbox 590 2378 679 2442; x_wconf 86' lang='lat' dir='ltr'>uti</span> <span class='ocrx_word' id='word_1_90' title='bbox 753 2399 870 2463; x_wconf 89' lang='lat' dir='ltr'>ego</span> <span class='ocrx_word' id='word_1_91' title='bbox 935 2399 1415 2465; x_wconf 81' lang='lat' dir='ltr'>praeceperam3</span> <span class='ocrx_word' id='word_1_92' title='bbox 1493 2378 1639 2465; x_wconf 90' lang='lat' dir='ltr'>quid</span> <span class='ocrx_word' id='word_1_93' title='bbox 1710 2379 1872 2442; x_wconf 89' lang='lat' dir='ltr'>enim</span> <span class='ocrx_word' id='word_1_94' title='bbox 1946 2378 2217 2441; x_wconf 85' lang='lat' dir='ltr'>futurum</span> <span class='ocrx_word' id='word_1_95' title='bbox 2284 2378 2501 2441; x_wconf 86' lang='lat' dir='ltr'>fuisset</span> <span class='ocrx_word' id='word_1_96' title='bbox 2562 2378 2649 2443; x_wconf 91' lang='lat' dir='ltr'>de</span> 
     </span>
     <span class='ocr_line' id='line_1_16' title="bbox 593 2496 2646 2583; baseline 0.001 -22"><span class='ocrx_word' id='word_1_97' title='bbox 593 2496 854 2561; x_wconf 86' lang='lat' dir='ltr'>Colonia</span> <span class='ocrx_word' id='word_1_98' title='bbox 903 2496 1236 2582; x_wconf 78' lang='lat' dir='ltr'>Trajana?</span> <span class='ocrx_word' id='word_1_99' title='bbox 1295 2496 1435 2583; x_wconf 85' lang='lat' dir='ltr'>Ego</span> <span class='ocrx_word' id='word_1_100' title='bbox 1464 2505 1669 2562; x_wconf 82' lang='lat' dir='ltr'>tamen</span> <span class='ocrx_word' id='word_1_101' title='bbox 1708 2504 1940 2562; x_wconf 79' lang='lat' dir='ltr'>rectum</span> <span class='ocrx_word' id='word_1_102' title='bbox 1968 2498 2371 2562; x_wconf 82' lang='lat' dir='ltr'>credideram,</span> <span class='ocrx_word' id='word_1_103' title='bbox 2426 2497 2646 2563; x_wconf 86' lang='lat' dir='ltr'>Hodie</span> 
     </span>
     <span class='ocr_line' id='line_1_17' title="bbox 594 2617 2646 2706; baseline 0.001 -27"><span class='ocrx_word' id='word_1_104' title='bbox 594 2638 740 2683; x_wconf 87' lang='lat' dir='ltr'>vero</span> <span class='ocrx_word' id='word_1_105' title='bbox 791 2618 1070 2706; x_wconf 89' lang='lat' dir='ltr'>inspecto</span> <span class='ocrx_word' id='word_1_106' title='bbox 1120 2618 1333 2703; x_wconf 85' lang='lat' dir='ltr'>Pighii</span> <span class='ocrx_word' id='word_1_107' title='bbox 1391 2618 1671 2683; x_wconf 73' lang='lat' dir='ltr'>Hercule</span> <span class='ocrx_word' id='word_1_108' title='bbox 1705 2617 2005 2681; x_wconf 71' lang='lat' dir='ltr'>Prodicio</span> <span class='ocrx_word' id='word_1_109' title='bbox 2051 2620 2111 2702; x_wconf 85' lang='lat'>¹),</span> <span class='ocrx_word' id='word_1_110' title='bbox 2151 2618 2341 2703; x_wconf 91' lang='lat' dir='ltr'>(quod</span> <span class='ocrx_word' id='word_1_111' title='bbox 2375 2617 2646 2681; x_wconf 81' lang='lat' dir='ltr'>fortasse</span> 
     </span>
     <span class='ocr_line' id='line_1_18' title="bbox 589 2737 2643 2822; baseline 0 -22"><span class='ocrx_word' id='word_1_112' title='bbox 589 2757 711 2801; x_wconf 87' lang='lat' dir='ltr'>non</span> <span class='ocrx_word' id='word_1_113' title='bbox 782 2737 1067 2803; x_wconf 80' lang='lat' dir='ltr'>fecissem</span> <span class='ocrx_word' id='word_1_114' title='bbox 1147 2740 1259 2801; x_wconf 84' lang='lat' dir='ltr'>nisi</span> <span class='ocrx_word' id='word_1_115' title='bbox 1336 2760 1372 2801; x_wconf 84' lang='lat' dir='ltr'>a</span> <span class='ocrx_word' id='word_1_116' title='bbox 1443 2747 1505 2802; x_wconf 79' lang='lat' dir='ltr'>te</span> <span class='ocrx_word' id='word_1_117' title='bbox 1577 2739 1869 2822; x_wconf 84' lang='lat' dir='ltr'>monitus)</span> <span class='ocrx_word' id='word_1_118' title='bbox 1938 2738 2119 2801; x_wconf 85' lang='lat' dir='ltr'>video</span> <span class='ocrx_word' id='word_1_119' title='bbox 2172 2758 2445 2799; x_wconf 83' lang='lat' dir='ltr'>crassum</span> <span class='ocrx_word' id='word_1_120' title='bbox 2497 2756 2643 2800; x_wconf 85' lang='lat' dir='ltr'>esse</span> 
     </span>
     <span class='ocr_line' id='line_1_19' title="bbox 591 2856 2639 2949; baseline -0.001 -28"><span class='ocrx_word' id='word_1_121' title='bbox 591 2878 899 2949; x_wconf 82' lang='lat' dir='ltr'>errorem,</span> <span class='ocrx_word' id='word_1_122' title='bbox 973 2864 1033 2921; x_wconf 86' lang='lat' dir='ltr'>et</span> <span class='ocrx_word' id='word_1_123' title='bbox 1100 2858 1196 2921; x_wconf 90' lang='lat' dir='ltr'>cui</span> <span class='ocrx_word' id='word_1_124' title='bbox 1260 2858 1607 2923; x_wconf 89' lang='lat' dir='ltr'>inducendo</span> <span class='ocrx_word' id='word_1_125' title='bbox 1660 2858 1895 2920; x_wconf 85' lang='lat' dir='ltr'>nullu‘m</span> <span class='ocrx_word' id='word_1_126' title='bbox 1944 2856 2269 2920; x_wconf 86' lang='lat' dir='ltr'>tectorium</span> <span class='ocrx_word' id='word_1_127' title='bbox 2320 2856 2639 2941; x_wconf 72' lang='lat' dir='ltr'>poeticum</span> 
     </span>
     <span class='ocr_line' id='line_1_20' title="bbox 591 2974 2639 3063; baseline 0 -24"><span class='ocrx_word' id='word_1_128' title='bbox 591 2978 871 3042; x_wconf 83' lang='lat' dir='ltr'>sufficiat.</span> <span class='ocrx_word' id='word_1_129' title='bbox 970 2978 1212 3059; x_wconf 86' lang='lat' dir='ltr'>Irascor</span> <span class='ocrx_word' id='word_1_130' title='bbox 1288 2978 1599 3062; x_wconf 75' lang='lat' dir='ltr'>Tra-jam,</span> <span class='ocrx_word' id='word_1_131' title='bbox 1680 2978 1781 3063; x_wconf 90' lang='lat' dir='ltr'>qui</span> <span class='ocrx_word' id='word_1_132' title='bbox 1856 2997 1997 3039; x_wconf 91' lang='lat' dir='ltr'>cum</span> <span class='ocrx_word' id='word_1_133' title='bbox 2057 2983 2147 3039; x_wconf 88' lang='lat' dir='ltr'>tot</span> <span class='ocrx_word' id='word_1_134' title='bbox 2198 2976 2471 3039; x_wconf 81' lang='lat' dir='ltr'>colonias</span> <span class='ocrx_word' id='word_1_135' title='bbox 2524 2974 2639 3039; x_wconf 85' lang='lat' dir='ltr'>de-</span> 
     </span>
     <span class='ocr_line' id='line_1_21' title="bbox 589 3078 2641 3184; baseline -0.002 -22"><span class='ocrx_word' id='word_1_136' title='bbox 589 3098 870 3182; x_wconf 81' lang='lat' dir='ltr'>duxerit,</span> <span class='ocrx_word' id='word_1_137' title='bbox 957 3078 1017 3162; x_wconf 83' lang='lat' dir='ltr'>et</span> <span class='ocrx_word' id='word_1_138' title='bbox 1084 3098 1177 3161; x_wconf 85' lang='lat' dir='ltr'>sui</span> <span class='ocrx_word' id='word_1_139' title='bbox 1251 3098 1549 3184; x_wconf 86' lang='lat' dir='ltr'>temporis</span> <span class='ocrx_word' id='word_1_140' title='bbox 1620 3097 1990 3161; x_wconf 77' lang='lat' dir='ltr'>architectus</span> <span class='ocrx_word' id='word_1_141' title='bbox 2057 3094 2239 3158; x_wconf 87' lang='lat' dir='ltr'>fuerit</span> <span class='ocrx_word' id='word_1_142' title='bbox 2290 3096 2641 3179; x_wconf 76' lang='lat' dir='ltr'>maximus,</span> 
     </span>
     <span class='ocr_line' id='line_1_22' title="bbox 590 3214 2647 3303; baseline -0 -23"><span class='ocrx_word' id='word_1_143' title='bbox 590 3217 895 3303; x_wconf 87' lang='lat' dir='ltr'>potuisset</span> <span class='ocrx_word' id='word_1_144' title='bbox 959 3224 1021 3281; x_wconf 86' lang='lat' dir='ltr'>et</span> <span class='ocrx_word' id='word_1_145' title='bbox 1085 3216 1204 3281; x_wconf 88' lang='lat' dir='ltr'>hoc</span> <span class='ocrx_word' id='word_1_146' title='bbox 1265 3217 1566 3303; x_wconf 89' lang='lat' dir='ltr'>oppidum</span> <span class='ocrx_word' id='word_1_147' title='bbox 1642 3223 1998 3300; x_wconf 83' lang='lat' dir='ltr'>exstruere,</span> <span class='ocrx_word' id='word_1_148' title='bbox 2080 3236 2158 3279; x_wconf 92' lang='lat' dir='ltr'>ne</span> <span class='ocrx_word' id='word_1_149' title='bbox 2208 3216 2358 3279; x_wconf 90' lang='lat' dir='ltr'>mihi</span> <span class='ocrx_word' id='word_1_150' title='bbox 2408 3214 2647 3300; x_wconf 88' lang='lat' dir='ltr'>periret</span> 
     </span>
     <span class='ocr_line' id='line_1_23' title="bbox 593 3334 2645 3419; baseline -0.002 -18"><span class='ocrx_word' id='word_1_151' title='bbox 593 3337 879 3401; x_wconf 84' lang='lat' dir='ltr'>carminis</span> <span class='ocrx_word' id='word_1_152' title='bbox 970 3338 1094 3401; x_wconf 93' lang='lat' dir='ltr'>mei</span> <span class='ocrx_word' id='word_1_153' title='bbox 1188 3347 1496 3401; x_wconf 80' lang='lat' dir='ltr'>venustas,</span> <span class='ocrx_word' id='word_1_154' title='bbox 1600 3334 1727 3399; x_wconf 84' lang='lat' dir='ltr'>Sed</span> <span class='ocrx_word' id='word_1_155' title='bbox 1800 3343 2003 3399; x_wconf 84' lang='lat' dir='ltr'>tamen</span> <span class='ocrx_word' id='word_1_156' title='bbox 2082 3353 2245 3397; x_wconf 75' lang='lat' dir='ltr'>recte</span> <span class='ocrx_word' id='word_1_157' title='bbox 2317 3334 2645 3419; x_wconf 87' lang='lat' dir='ltr'>provisum</span> 
     </span>
     <span class='ocr_line' id='line_1_24' title="bbox 593 3452 2642 3541; baseline -0.003 -21"><span class='ocrx_word' id='word_1_158' title='bbox 593 3462 724 3541; x_wconf 85' lang='lat' dir='ltr'>est,</span> <span class='ocrx_word' id='word_1_159' title='bbox 778 3456 840 3520; x_wconf 91' lang='lat' dir='ltr'>ni</span> <span class='ocrx_word' id='word_1_160' title='bbox 888 3456 1109 3540; x_wconf 85' lang='lat' dir='ltr'>fallor,</span> <span class='ocrx_word' id='word_1_161' title='bbox 1164 3462 1224 3519; x_wconf 91' lang='lat' dir='ltr'>et</span> <span class='ocrx_word' id='word_1_162' title='bbox 1276 3477 1389 3541; x_wconf 90' lang='lat' dir='ltr'>pro</span> <span class='ocrx_word' id='word_1_163' title='bbox 1441 3454 1717 3539; x_wconf 78' lang='lat' dir='ltr'>Trajano</span> <span class='ocrx_word' id='word_1_164' title='bbox 1770 3454 2321 3537; x_wconf 79' lang='lat' dir='ltr'>Furstenbergium</span> <span class='ocrx_word' id='word_1_165' title='bbox 2370 3452 2642 3537; x_wconf 81' lang='lat' dir='ltr'>arripui,</span> 
     </span>
     <span class='ocr_line' id='line_1_25' title="bbox 593 3548 2647 3669; baseline -0.001 -30"><span class='ocrx_word' id='word_1_166' title='bbox 593 3548 876 3640; x_wconf 79' lang='lat' dir='ltr'>Deorum</span> <span class='ocrx_word' id='word_1_167' title='bbox 943 3581 1126 3659; x_wconf 83' lang='lat' dir='ltr'>atque</span> <span class='ocrx_word' id='word_1_168' title='bbox 1175 3575 1495 3639; x_wconf 86' lang='lat' dir='ltr'>hominnm</span> <span class='ocrx_word' id='word_1_169' title='bbox 1548 3552 1768 3637; x_wconf 53' lang='lat' dir='ltr'>odium&#39;</span> <span class='ocrx_word' id='word_1_170' title='bbox 1809 3596 1925 3659; x_wconf 86' lang='lat' dir='ltr'>pro</span> <span class='ocrx_word' id='word_1_171' title='bbox 1979 3593 2189 3636; x_wconf 77' lang='lat' dir='ltr'>amore</span> <span class='ocrx_word' id='word_1_172' title='bbox 2235 3572 2541 3669; x_wconf 78' lang='lat' dir='ltr'>quondam</span> <span class='ocrx_word' id='word_1_173' title='bbox 2582 3582 2647 3636; x_wconf 90' lang='lat' dir='ltr'>et</span> 
     </span>
     <span class='ocr_line' id='line_1_26' title="bbox 596 3690 2648 3777; baseline -0.001 -20"><span class='ocrx_word' id='word_1_174' title='bbox 596 3693 831 3757; x_wconf 87' lang='lat' dir='ltr'>deliciis</span> <span class='ocrx_word' id='word_1_175' title='bbox 880 3692 1149 3755; x_wconf 85' lang='lat' dir='ltr'>universi</span> <span class='ocrx_word' id='word_1_176' title='bbox 1199 3694 1440 3777; x_wconf 86' lang='lat' dir='ltr'>generis</span> <span class='ocrx_word' id='word_1_177' title='bbox 1481 3694 1753 3755; x_wconf 84' lang='lat' dir='ltr'>humani.</span> <span class='ocrx_word' id='word_1_178' title='bbox 1823 3693 1984 3756; x_wconf 91' lang='lat' dir='ltr'>Illud</span> <span class='ocrx_word' id='word_1_179' title='bbox 2028 3713 2103 3755; x_wconf 77' lang='lat' dir='ltr'>eoe</span> <span class='ocrx_word' id='word_1_180' title='bbox 2139 3713 2393 3757; x_wconf 81' lang='lat' dir='ltr'>carcere</span> <span class='ocrx_word' id='word_1_181' title='bbox 2429 3690 2648 3755; x_wconf 86' lang='lat' dir='ltr'>videor</span> 
     </span>
     <span class='ocr_line' id='line_1_27' title="bbox 595 3810 2647 3896; baseline -0 -20"><span class='ocrx_word' id='word_1_182' title='bbox 595 3812 751 3876; x_wconf 92' lang='lat' dir='ltr'>mihi</span> <span class='ocrx_word' id='word_1_183' title='bbox 833 3810 1167 3875; x_wconf 87' lang='lat' dir='ltr'>defendere</span> <span class='ocrx_word' id='word_1_184' title='bbox 1267 3833 1501 3896; x_wconf 78' lang='lat' dir='ltr'>posse,</span> <span class='ocrx_word' id='word_1_185' title='bbox 1606 3813 1655 3873; x_wconf 87' lang='lat' dir='ltr'>si</span> <span class='ocrx_word' id='word_1_186' title='bbox 1750 3813 1899 3875; x_wconf 80' lang='lat' dir='ltr'>tanti</span> <span class='ocrx_word' id='word_1_187' title='bbox 1994 3819 2173 3875; x_wconf 82' lang='lat' dir='ltr'>esset.</span> <span class='ocrx_word' id='word_1_188' title='bbox 2298 3810 2422 3874; x_wconf 85' lang='lat' dir='ltr'>Sed</span> <span class='ocrx_word' id='word_1_189' title='bbox 2473 3816 2647 3875; x_wconf 39' lang='lat' dir='ltr'>„utut</span> 
     </span>
    </p>
   </div>
   <div class='ocr_carea' id='block_1_7' title="bbox 591 3938 844 3946">
    <p class='ocr_par' dir='ltr' id='par_1_7' title="bbox 591 3938 844 3946">
     <span class='ocr_line' id='line_1_28' title="bbox 591 3938 844 3946; baseline 0 1263"><span class='ocrx_word' id='word_1_190' title='bbox 591 3938 844 3946; x_wconf 95' lang='lat' dir='ltr'> </span> 
     </span>
    </p>
   </div>
   <div class='ocr_carea' id='block_1_8' title="bbox 591 3980 2651 4579">
    <p class='ocr_par' dir='ltr' id='par_1_8' title="bbox 591 3980 2651 4579">
     <span class='ocr_line' id='line_1_29' title="bbox 686 3980 2645 4060; baseline -0.001 -19"><span class='ocrx_word' id='word_1_191' title='bbox 686 3984 723 4057; x_wconf 91' lang='lat'>¹)</span> <span class='ocrx_word' id='word_1_192' title='bbox 812 3982 1154 4060; x_wconf 82' lang='lat' dir='ltr'>Stephanus</span> <span class='ocrx_word' id='word_1_193' title='bbox 1219 3982 1470 4059; x_wconf 85' lang='lat' dir='ltr'>Pighius</span> <span class='ocrx_word' id='word_1_194' title='bbox 1519 3984 2024 4057; x_wconf 64' lang='lat' dir='ltr'>(msc—1604),</span> <span class='ocrx_word' id='word_1_195' title='bbox 2072 3986 2249 4039; x_wconf 81' lang='lat' dir='ltr'>natus</span> <span class='ocrx_word' id='word_1_196' title='bbox 2296 3980 2532 4056; x_wconf 85' lang='lat' dir='ltr'>Campis</span> <span class='ocrx_word' id='word_1_197' title='bbox 2578 3980 2645 4039; x_wconf 93' lang='lat' dir='ltr'>in</span> 
     </span>
     <span class='ocr_line' id='line_1_30' title="bbox 591 4066 2648 4145; baseline -0.001 -19"><span class='ocrx_word' id='word_1_198' title='bbox 591 4069 1067 4143; x_wconf 82' lang='lat' dir='ltr'>Transisalania,</span> <span class='ocrx_word' id='word_1_199' title='bbox 1121 4086 1364 4145; x_wconf 83' lang='lat' dir='ltr'>operam</span> <span class='ocrx_word' id='word_1_200' title='bbox 1412 4067 1577 4126; x_wconf 85' lang='lat' dir='ltr'>dedit</span> <span class='ocrx_word' id='word_1_201' title='bbox 1622 4068 1837 4127; x_wconf 83' lang='lat' dir='ltr'>litteris</span> <span class='ocrx_word' id='word_1_202' title='bbox 1882 4068 2167 4141; x_wconf 79' lang='lat' dir='ltr'>Lovanii,</span> <span class='ocrx_word' id='word_1_203' title='bbox 2214 4067 2369 4124; x_wconf 77' lang='lat' dir='ltr'>vixit</span> <span class='ocrx_word' id='word_1_204' title='bbox 2411 4066 2648 4124; x_wconf 85' lang='lat' dir='ltr'>Romae</span> 
     </span>
     <span class='ocr_line' id='line_1_31' title="bbox 593 4154 2650 4228; baseline -0.001 -16"><span class='ocrx_word' id='word_1_205' title='bbox 593 4162 652 4215; x_wconf 89' lang='lat' dir='ltr'>et</span> <span class='ocrx_word' id='word_1_206' title='bbox 720 4154 916 4211; x_wconf 85' lang='lat' dir='ltr'>scriba</span> <span class='ocrx_word' id='word_1_207' title='bbox 983 4154 1100 4211; x_wconf 86' lang='lat' dir='ltr'>fuit</span> <span class='ocrx_word' id='word_1_208' title='bbox 1170 4154 1509 4211; x_wconf 81' lang='lat' dir='ltr'>Cardinalis</span> <span class='ocrx_word' id='word_1_209' title='bbox 1579 4154 1916 4210; x_wconf 73' lang='lat' dir='ltr'>Granvelle.</span> <span class='ocrx_word' id='word_1_210' title='bbox 2007 4154 2227 4217; x_wconf 74' lang='lat' dir='ltr'>Postea</span> <span class='ocrx_word' id='word_1_211' title='bbox 2288 4157 2650 4228; x_wconf 82' lang='lat' dir='ltr'>praeceptor</span> 
     </span>
     <span class='ocr_line' id='line_1_32' title="bbox 592 4238 2651 4312; baseline -0.002 -13"><span class='ocrx_word' id='word_1_212' title='bbox 592 4241 700 4299; x_wconf 89' lang='lat' dir='ltr'>filii</span> <span class='ocrx_word' id='word_1_213' title='bbox 769 4240 954 4297; x_wconf 91' lang='lat' dir='ltr'>Ducis</span> <span class='ocrx_word' id='word_1_214' title='bbox 1027 4239 1258 4297; x_wconf 83' lang='lat' dir='ltr'>Oliviae</span> <span class='ocrx_word' id='word_1_215' title='bbox 1331 4258 1462 4296; x_wconf 87' lang='lat' dir='ltr'>cum</span> <span class='ocrx_word' id='word_1_216' title='bbox 1508 4240 1611 4297; x_wconf 90' lang='lat' dir='ltr'>illo</span> <span class='ocrx_word' id='word_1_217' title='bbox 1657 4240 1870 4297; x_wconf 77' lang='lat' dir='ltr'>iterum</span> <span class='ocrx_word' id='word_1_218' title='bbox 1918 4239 2167 4295; x_wconf 86' lang='lat' dir='ltr'>Romam</span> <span class='ocrx_word' id='word_1_219' title='bbox 2212 4238 2475 4310; x_wconf 69' lang='lat' dir='ltr'>visebat,</span> <span class='ocrx_word' id='word_1_220' title='bbox 2525 4256 2651 4312; x_wconf 82' lang='lat' dir='ltr'>qua</span> 
     </span>
     <span class='ocr_line' id='line_1_33' title="bbox 599 4323 2651 4399; baseline -0.002 -14"><span class='ocrx_word' id='word_1_221' title='bbox 599 4328 660 4385; x_wconf 92' lang='lat' dir='ltr'>in</span> <span class='ocrx_word' id='word_1_222' title='bbox 730 4326 880 4384; x_wconf 86' lang='lat' dir='ltr'>urbe</span> <span class='ocrx_word' id='word_1_223' title='bbox 947 4324 1182 4382; x_wconf 85' lang='lat' dir='ltr'>iuvenis</span> <span class='ocrx_word' id='word_1_224' title='bbox 1251 4344 1302 4382; x_wconf 89' lang='lat' dir='ltr'>a.</span> <span class='ocrx_word' id='word_1_225' title='bbox 1379 4326 1537 4381; x_wconf 79' lang='lat'>1575</span> <span class='ocrx_word' id='word_1_226' title='bbox 1596 4326 1764 4384; x_wconf 88' lang='lat' dir='ltr'>obiit.</span> <span class='ocrx_word' id='word_1_227' title='bbox 1856 4326 1925 4381; x_wconf 84' lang='lat' dir='ltr'>ln</span> <span class='ocrx_word' id='word_1_228' title='bbox 1974 4324 2323 4382; x_wconf 80' lang='lat' dir='ltr'>memoriam</span> <span class='ocrx_word' id='word_1_229' title='bbox 2370 4323 2651 4399; x_wconf 80' lang='lat' dir='ltr'>discipuli</span> 
     </span>
     <span class='ocr_line' id='line_1_34' title="bbox 601 4408 2651 4491; baseline -0.002 -20"><span class='ocrx_word' id='word_1_230' title='bbox 601 4412 855 4491; x_wconf 87' lang='lat' dir='ltr'>Pighius</span> <span class='ocrx_word' id='word_1_231' title='bbox 902 4410 1089 4469; x_wconf 77' lang='lat' dir='ltr'>edidit</span> <span class='ocrx_word' id='word_1_232' title='bbox 1135 4410 1384 4468; x_wconf 84' lang='lat' dir='ltr'>librum:</span> <span class='ocrx_word' id='word_1_233' title='bbox 1464 4412 1757 4469; x_wconf 72' lang='lat' dir='ltr'>Hercules</span> <span class='ocrx_word' id='word_1_234' title='bbox 1806 4412 2134 4469; x_wconf 70' lang='lat' dir='ltr'>Prodtce&#39;us</span> <span class='ocrx_word' id='word_1_235' title='bbox 2182 4430 2285 4467; x_wconf 73' lang='lat' dir='ltr'>seu</span> <span class='ocrx_word' id='word_1_236' title='bbox 2334 4408 2651 4483; x_wconf 74' lang='lat' dir='ltr'>Principis</span> 
     </span>
     <span class='ocr_line' id='line_1_35' title="bbox 601 4496 2645 4579; baseline -0.003 -21"><span class='ocrx_word' id='word_1_237' title='bbox 601 4500 958 4561; x_wconf 75' lang='lat' dir='ltr'>Juventutis</span> <span class='ocrx_word' id='word_1_238' title='bbox 1006 4500 1134 4559; x_wconf 74' lang='lat' dir='ltr'>rita</span> <span class='ocrx_word' id='word_1_239' title='bbox 1181 4505 1234 4555; x_wconf 75' lang='lat' dir='ltr'>et</span> <span class='ocrx_word' id='word_1_240' title='bbox 1269 4499 1717 4579; x_wconf 72' lang='lat' dir='ltr'>pereyrinate&#39;o.</span> <span class='ocrx_word' id='word_1_241' title='bbox 1769 4540 1976 4553; x_wconf 92' lang='grc'><strong>.....</strong></span> <span class='ocrx_word' id='word_1_242' title='bbox 2012 4498 2422 4576; x_wconf 61' lang='grc' dir='ltr'>Ανιίυενρίαε,</span> <span class='ocrx_word' id='word_1_243' title='bbox 2460 4496 2645 4554; x_wconf 80' lang='grc'><strong>1587.</strong></span> 
     </span>
    </p>
   </div>
  </div>
 </body>
</html>
