<?xml version="1.0" encoding="UTF-8"?>
<!DOCTYPE html PUBLIC "-//W3C//DTD XHTML 1.0 Transitional//EN"
    "http://www.w3.org/TR/xhtml1/DTD/xhtml1-transitional.dtd">
<html xmlns="http://www.w3.org/1999/xhtml" xml:lang="en" lang="en">
 <head>
  <title>
</title>
<meta http-equiv="Content-Type" content="text/html;charset=utf-8" />
  <meta name='ocr-system' content='tesseract 3.04.00' />
  <meta name='ocr-capabilities' content='ocr_page ocr_carea ocr_par ocr_line ocrx_word'/>
</head>
<body>
  <div class='ocr_page' id='page_1' title='image "./epistolaeselect00worpgoog_0029.png"; bbox 0 0 2975 5209; ppageno 0'>
   <div class='ocr_carea' id='block_1_1' title="bbox 1327 508 1408 579">
    <p class='ocr_par' dir='ltr' id='par_1_1' title="bbox 1327 508 1408 579">
     <span class='ocr_line' id='line_1_1' title="bbox 1327 508 1408 579; baseline -0.012 0"><span class='ocrx_word' id='word_1_1' title='bbox 1327 508 1408 579; x_wconf 82' lang='lat'>15</span> 
     </span>
    </p>
   </div>
   <div class='ocr_carea' id='block_1_2' title="bbox 338 706 2393 800">
    <p class='ocr_par' dir='ltr' id='par_1_2' title="bbox 338 706 2393 800">
     <span class='ocr_line' id='line_1_2' title="bbox 338 706 2393 800; baseline -0.001 -23"><span class='ocrx_word' id='word_1_2' title='bbox 338 712 632 800; x_wconf 84' lang='lat' dir='ltr'>signifer,</span> <span class='ocrx_word' id='word_1_3' title='bbox 685 718 778 798; x_wconf 85' lang='lat' dir='ltr'>et,</span> <span class='ocrx_word' id='word_1_4' title='bbox 833 712 938 799; x_wconf 90' lang='lat' dir='ltr'>qui</span> <span class='ocrx_word' id='word_1_5' title='bbox 985 708 1166 775; x_wconf 88' lang='lat' dir='ltr'>nobis</span> <span class='ocrx_word' id='word_1_6' title='bbox 1215 732 1254 775; x_wconf 90' lang='lat' dir='ltr'>a</span> <span class='ocrx_word' id='word_1_7' title='bbox 1301 709 1494 776; x_wconf 84' lang='lat' dir='ltr'>sacris</span> <span class='ocrx_word' id='word_1_8' title='bbox 1516 761 1533 796; x_wconf 86' lang='lat'>‚</span> <span class='ocrx_word' id='word_1_9' title='bbox 1580 710 1658 777; x_wconf 91' lang='lat' dir='ltr'>D.</span> <span class='ocrx_word' id='word_1_10' title='bbox 1695 710 1843 797; x_wconf 92' lang='lat' dir='ltr'>Dop</span> <span class='ocrx_word' id='word_1_11' title='bbox 1867 712 1946 797; x_wconf 85' lang='lat'>¹),</span> <span class='ocrx_word' id='word_1_12' title='bbox 2000 706 2393 776; x_wconf 71' lang='lat' dir='ltr'><strong>ecclesiastes</strong></span> 
     </span>
    </p>
   </div>
   <div class='ocr_carea' id='block_1_3' title="bbox 341 833 2395 1039">
    <p class='ocr_par' dir='ltr' id='par_1_3' title="bbox 341 833 2395 1039">
     <span class='ocr_line' id='line_1_3' title="bbox 341 833 870 920; baseline -0.004 -21"><span class='ocrx_word' id='word_1_13' title='bbox 341 835 405 899; x_wconf 86' lang='lat' dir='ltr'>in</span> <span class='ocrx_word' id='word_1_14' title='bbox 459 833 870 920; x_wconf 88' lang='lat' dir='ltr'>Blaeukapel.</span> 
     </span>
     <span class='ocr_line' id='line_1_4' title="bbox 438 950 2395 1039; baseline -0.002 -21"><span class='ocrx_word' id='word_1_15' title='bbox 438 952 686 1018; x_wconf 88' lang='lat' dir='ltr'>Literas</span> <span class='ocrx_word' id='word_1_16' title='bbox 752 953 942 1017; x_wconf 84' lang='lat' dir='ltr'>hasce</span> <span class='ocrx_word' id='word_1_17' title='bbox 1009 952 1277 1017; x_wconf 85' lang='lat' dir='ltr'>inclusas</span> <span class='ocrx_word' id='word_1_18' title='bbox 1327 974 1550 1039; x_wconf 79' lang='lat' dir='ltr'>precor</span> <span class='ocrx_word' id='word_1_19' title='bbox 1596 958 1665 1016; x_wconf 90' lang='lat' dir='ltr'>ut</span> <span class='ocrx_word' id='word_1_20' title='bbox 1712 951 1791 1017; x_wconf 84' lang='lat' dir='ltr'>ad</span> <span class='ocrx_word' id='word_1_21' title='bbox 1838 951 2085 1018; x_wconf 85' lang='lat' dir='ltr'>Nobilis</span> <span class='ocrx_word' id='word_1_22' title='bbox 2203 950 2395 1017; x_wconf 88' lang='lat' dir='ltr'>Hein-</span> 
     </span>
    </p>
   </div>
   <div class='ocr_carea' id='block_1_4' title="bbox 339 1072 2065 1277">
    <p class='ocr_par' dir='ltr' id='par_1_4' title="bbox 339 1072 2065 1277">
     <span class='ocr_line' id='line_1_5' title="bbox 339 1072 1164 1139; baseline -0.001 -2"><span class='ocrx_word' id='word_1_23' title='bbox 339 1073 505 1137; x_wconf 88' lang='lat' dir='ltr'>sium</span> <span class='ocrx_word' id='word_1_24' title='bbox 555 1072 918 1139; x_wconf 83' lang='lat' dir='ltr'>deferendas</span> <span class='ocrx_word' id='word_1_25' title='bbox 969 1094 1164 1138; x_wconf 86' lang='lat' dir='ltr'>cures.</span> 
     </span>
     <span class='ocr_line' id='line_1_6' title="bbox 625 1188 2065 1277; baseline 0.001 -22"><span class='ocrx_word' id='word_1_26' title='bbox 625 1189 948 1277; x_wconf 80' lang='lat' dir='ltr'><strong>Augustae</strong></span> <span class='ocrx_word' id='word_1_27' title='bbox 997 1191 1413 1257; x_wconf 84' lang='lat' dir='ltr'>Treverorum</span> <span class='ocrx_word' id='word_1_28' title='bbox 1466 1194 1507 1255; x_wconf 89' lang='lat'>4</span> <span class='ocrx_word' id='word_1_29' title='bbox 1560 1190 1730 1256; x_wconf 84' lang='lat' dir='ltr'>Junii</span> <span class='ocrx_word' id='word_1_30' title='bbox 1784 1193 1907 1256; x_wconf 80' lang='lat'>167</span> <span class='ocrx_word' id='word_1_31' title='bbox 1922 1192 1960 1256; x_wconf 88' lang='grc'><strong>6</strong></span> <span class='ocrx_word' id='word_1_32' title='bbox 1993 1188 2065 1277; x_wconf 84' lang='lat'>²).</span> 
     </span>
    </p>
   </div>
   <div class='ocr_carea' id='block_1_5' title="bbox 1181 1415 1566 1433">
    <p class='ocr_par' dir='ltr' id='par_1_5' title="bbox 1181 1415 1566 1433">
     <span class='ocr_line' id='line_1_7' title="bbox 1181 1415 1566 1433; baseline 0 3776"><span class='ocrx_word' id='word_1_33' title='bbox 1181 1415 1566 1433; x_wconf 95' lang='lat' dir='ltr'> </span> 
     </span>
    </p>
   </div>
   <div class='ocr_carea' id='block_1_6' title="bbox 1023 1567 1680 1911">
    <p class='ocr_par' dir='ltr' id='par_1_6' title="bbox 1023 1567 1680 1911">
     <span class='ocr_line' id='line_1_8' title="bbox 1293 1567 1438 1658; baseline 0.007 -22"><span class='ocrx_word' id='word_1_34' title='bbox 1293 1573 1332 1636; x_wconf 85' lang='lat'>3</span> <span class='ocrx_word' id='word_1_35' title='bbox 1367 1567 1438 1658; x_wconf 74' lang='grc'>3).</span> 
     </span>
     <span class='ocr_line' id='line_1_9' title="bbox 1101 1712 1620 1777; baseline -0.004 0"><span class='ocrx_word' id='word_1_36' title='bbox 1101 1712 1352 1777; x_wconf 50' lang='grc' dir='ltr'>,ΝΙυοΙαο</span> <span class='ocrx_word' id='word_1_37' title='bbox 1396 1712 1620 1777; x_wconf 74' lang='lat' dir='ltr'>Heinsio</span> 
     </span>
     <span class='ocr_line' id='line_1_10' title="bbox 1023 1821 1680 1911; baseline 0 -24"><span class='ocrx_word' id='word_1_38' title='bbox 1023 1904 1030 1911; x_wconf 24' lang='grc' dir='ltr'><em>Π</em></span> <span class='ocrx_word' id='word_1_39' title='bbox 1064 1824 1233 1887; x_wconf 79' lang='lat' dir='ltr'>lanus</span> <span class='ocrx_word' id='word_1_40' title='bbox 1277 1821 1680 1888; x_wconf 73' lang='lat' dir='ltr'>Broukhuslus.</span> 
     </span>
    </p>
   </div>
   <div class='ocr_carea' id='block_1_7' title="bbox 337 1986 2399 2550">
    <p class='ocr_par' dir='ltr' id='par_1_7' title="bbox 337 1986 2399 2430">
     <span class='ocr_line' id='line_1_11' title="bbox 445 1986 2395 2075; baseline 0.002 -24"><span class='ocrx_word' id='word_1_41' title='bbox 445 1986 732 2053; x_wconf 80' lang='lat' dir='ltr'><strong>Continet</strong></span> <span class='ocrx_word' id='word_1_42' title='bbox 778 1989 1045 2075; x_wconf 85' lang='lat' dir='ltr'>epistola</span> <span class='ocrx_word' id='word_1_43' title='bbox 1092 1987 1224 2054; x_wconf 85' lang='lat' dir='ltr'>fere</span> <span class='ocrx_word' id='word_1_44' title='bbox 1272 1987 1494 2054; x_wconf 86' lang='lat' dir='ltr'>eadem</span> <span class='ocrx_word' id='word_1_45' title='bbox 1546 2009 1620 2052; x_wconf 93' lang='lat' dir='ltr'>ac</span> <span class='ocrx_word' id='word_1_46' title='bbox 1667 1988 1777 2053; x_wconf 90' lang='lat' dir='ltr'>illa</span> <span class='ocrx_word' id='word_1_47' title='bbox 1796 2036 1815 2068; x_wconf 90' lang='lat'><em>,</em></span> <span class='ocrx_word' id='word_1_48' title='bbox 1868 2008 2027 2074; x_wconf 88' lang='lat' dir='ltr'>quae</span> <span class='ocrx_word' id='word_1_49' title='bbox 2076 1988 2156 2052; x_wconf 86' lang='lat' dir='ltr'>ad</span> <span class='ocrx_word' id='word_1_50' title='bbox 2198 1986 2395 2054; x_wconf 85' lang='lat' dir='ltr'>Grae-</span> 
     </span>
     <span class='ocr_line' id='line_1_12' title="bbox 338 2106 2397 2194; baseline 0.001 -24"><span class='ocrx_word' id='word_1_51' title='bbox 338 2108 515 2171; x_wconf 81' lang='lat' dir='ltr'>vium</span> <span class='ocrx_word' id='word_1_52' title='bbox 585 2106 732 2172; x_wconf 86' lang='lat' dir='ltr'>data</span> <span class='ocrx_word' id='word_1_53' title='bbox 799 2114 912 2173; x_wconf 89' lang='lat' dir='ltr'>est.</span> <span class='ocrx_word' id='word_1_54' title='bbox 1010 2108 1339 2175; x_wconf 82' lang='lat' dir='ltr'>Vetustum</span> <span class='ocrx_word' id='word_1_55' title='bbox 1405 2106 1669 2193; x_wconf 82' lang='lat' dir='ltr'>Vergilii</span> <span class='ocrx_word' id='word_1_56' title='bbox 1720 2107 2046 2194; x_wconf 86' lang='lat' dir='ltr'>exemplar</span> <span class='ocrx_word' id='word_1_57' title='bbox 2090 2108 2397 2193; x_wconf 77' lang='lat' dir='ltr'>inspicere</span> 
     </span>
     <span class='ocr_line' id='line_1_13' title="bbox 337 2201 2399 2315; baseline 0 -25"><span class='ocrx_word' id='word_1_58' title='bbox 337 2201 464 2290; x_wconf 80' lang='lat' dir='ltr'>nou</span> <span class='ocrx_word' id='word_1_59' title='bbox 513 2226 701 2291; x_wconf 86' lang='lat' dir='ltr'>licuit.</span> <span class='ocrx_word' id='word_1_60' title='bbox 803 2224 1190 2315; x_wconf 70' lang='lat' dir='ltr'>sparguntur</span> <span class='ocrx_word' id='word_1_61' title='bbox 1247 2248 1528 2293; x_wconf 88' lang='lat' dir='ltr'>rumores</span> <span class='ocrx_word' id='word_1_62' title='bbox 1590 2226 1669 2292; x_wconf 85' lang='lat' dir='ltr'>de</span> <span class='ocrx_word' id='word_1_63' title='bbox 1717 2232 1916 2291; x_wconf 89' lang='lat' dir='ltr'>morte</span> <span class='ocrx_word' id='word_1_64' title='bbox 1966 2226 2399 2294; x_wconf 86' lang='lat' dir='ltr'>archithalassi</span> 
     </span>
     <span class='ocr_line' id='line_1_14' title="bbox 338 2346 644 2430; baseline 0 -19"><span class='ocrx_word' id='word_1_65' title='bbox 338 2346 644 2430; x_wconf 81' lang='lat' dir='ltr'>Buteri4).</span> 
     </span>
    </p>

    <p class='ocr_par' dir='ltr' id='par_1_8' title="bbox 440 2452 1821 2550">
     <span class='ocr_line' id='line_1_15' title="bbox 440 2452 1821 2550; baseline 0.001 -22"><span class='ocrx_word' id='word_1_66' title='bbox 440 2462 764 2550; x_wconf 79' lang='lat' dir='ltr'>Augustae</span> <span class='ocrx_word' id='word_1_67' title='bbox 815 2452 1250 2531; x_wconf 78' lang='lat' dir='ltr'>Treverorum.</span> <span class='ocrx_word' id='word_1_68' title='bbox 1305 2468 1344 2529; x_wconf 91' lang='lat'>4</span> <span class='ocrx_word' id='word_1_69' title='bbox 1398 2464 1567 2529; x_wconf 88' lang='lat' dir='ltr'>Junii</span> <span class='ocrx_word' id='word_1_70' title='bbox 1623 2467 1749 2530; x_wconf 80' lang='grc'>167</span> <span class='ocrx_word' id='word_1_71' title='bbox 1762 2467 1821 2529; x_wconf 88' lang='grc'>6.</span> 
     </span>
    </p>
   </div>
   <div class='ocr_carea' id='block_1_8' title="bbox 1169 2664 1253 2680">
    <p class='ocr_par' dir='ltr' id='par_1_9' title="bbox 1169 2664 1253 2680">
     <span class='ocr_line' id='line_1_16' title="bbox 1169 2664 1253 2680; baseline 0 0"><span class='ocrx_word' id='word_1_72' title='bbox 1169 2664 1253 2680; x_wconf 67' lang='lat' dir='ltr'>m</span> 
     </span>
    </p>
   </div>
   <div class='ocr_carea' id='block_1_9' title="bbox 1252 2663 1581 2681">
    <p class='ocr_par' dir='ltr' id='par_1_10' title="bbox 1252 2663 1581 2681">
     <span class='ocr_line' id='line_1_17' title="bbox 1252 2663 1581 2681; baseline 0 2528"><span class='ocrx_word' id='word_1_73' title='bbox 1252 2663 1581 2681; x_wconf 95' lang='lat' dir='ltr'> </span> 
     </span>
    </p>
   </div>
   <div class='ocr_carea' id='block_1_10' title="bbox 1090 2814 2433 3285">
    <p class='ocr_par' dir='ltr' id='par_1_11' title="bbox 1090 2814 2433 3285">
     <span class='ocr_line' id='line_1_18' title="bbox 1268 2814 1464 2900; baseline -0.015 -19"><span class='ocrx_word' id='word_1_74' title='bbox 1268 2814 1362 2880; x_wconf 87' lang='lat' dir='ltr'>IV</span> <span class='ocrx_word' id='word_1_75' title='bbox 1393 2816 1464 2900; x_wconf 81' lang='lat'>³).</span> 
     </span>
     <span class='ocr_line' id='line_1_19' title="bbox 1090 2954 1664 3020; baseline 0 -2"><span class='ocrx_word' id='word_1_76' title='bbox 1090 2955 1227 3019; x_wconf 82' lang='lat' dir='ltr'>lano</span> <span class='ocrx_word' id='word_1_77' title='bbox 1274 2954 1664 3020; x_wconf 77' lang='lat' dir='ltr'>Brouckhusio</span> 
     </span>
     <span class='ocr_line' id='line_1_20' title="bbox 1161 3057 1598 3124; baseline -0.002 -2"><span class='ocrx_word' id='word_1_78' title='bbox 1161 3057 1278 3124; x_wconf 74' lang='lat' dir='ltr'>Nic.</span> <span class='ocrx_word' id='word_1_79' title='bbox 1323 3057 1598 3123; x_wconf 77' lang='lat' dir='ltr'>Helnsius.</span> 
     </span>
     <span class='ocr_line' id='line_1_21' title="bbox 1435 3187 2433 3285; baseline 0.001 -32"><span class='ocrx_word' id='word_1_80' title='bbox 1435 3191 1801 3274; x_wconf 70' lang='lat' dir='ltr'>Auqustam</span> <span class='ocrx_word' id='word_1_81' title='bbox 1857 3187 2302 3254; x_wconf 82' lang='lat' dir='ltr'>Treverorum.</span> <span class='ocrx_word' id='word_1_82' title='bbox 2428 3278 2433 3285; x_wconf 29' lang='grc' dir='ltr'>Ι</span> 
     </span>
    </p>
   </div>
   <div class='ocr_carea' id='block_1_11' title="bbox 349 3320 2402 3539">
    <p class='ocr_par' dir='ltr' id='par_1_12' title="bbox 349 3320 2402 3539">
     <span class='ocr_line' id='line_1_22' title="bbox 444 3320 2399 3421; baseline 0.001 -23"><span class='ocrx_word' id='word_1_83' title='bbox 444 3331 553 3398; x_wconf 81' lang='lat' dir='ltr'>Ad</span> <span class='ocrx_word' id='word_1_84' title='bbox 619 3320 935 3400; x_wconf 75' lang='lat' dir='ltr'>Treveros</span> <span class='ocrx_word' id='word_1_85' title='bbox 1002 3339 1066 3398; x_wconf 89' lang='lat' dir='ltr'>te</span> <span class='ocrx_word' id='word_1_86' title='bbox 1113 3334 1377 3398; x_wconf 76' lang='lat' dir='ltr'>salvum</span> <span class='ocrx_word' id='word_1_87' title='bbox 1405 3332 1763 3419; x_wconf 77' lang='lat' dir='ltr'>pervenisse</span> <span class='ocrx_word' id='word_1_88' title='bbox 1810 3332 2068 3398; x_wconf 82' lang='lat' dir='ltr'>multum</span> <span class='ocrx_word' id='word_1_89' title='bbox 2119 3332 2399 3421; x_wconf 83' lang='lat' dir='ltr'>gaude03</span> 
     </span>
     <span class='ocr_line' id='line_1_23' title="bbox 349 3450 2402 3539; baseline 0.001 -23"><span class='ocrx_word' id='word_1_90' title='bbox 349 3452 601 3538; x_wconf 85' lang='lat' dir='ltr'>gaudeo</span> <span class='ocrx_word' id='word_1_91' title='bbox 683 3458 746 3517; x_wconf 82' lang='lat' dir='ltr'>at</span> <span class='ocrx_word' id='word_1_92' title='bbox 823 3474 861 3518; x_wconf 91' lang='lat' dir='ltr'>a</span> <span class='ocrx_word' id='word_1_93' title='bbox 931 3459 1123 3518; x_wconf 87' lang='lat' dir='ltr'>temet</span> <span class='ocrx_word' id='word_1_94' title='bbox 1196 3452 1330 3539; x_wconf 86' lang='lat' dir='ltr'>ipso</span> <span class='ocrx_word' id='word_1_95' title='bbox 1408 3452 1574 3517; x_wconf 90' lang='lat' dir='ltr'>hunc</span> <span class='ocrx_word' id='word_1_96' title='bbox 1644 3457 1769 3516; x_wconf 90' lang='lat' dir='ltr'>tam</span> <span class='ocrx_word' id='word_1_97' title='bbox 1844 3450 2231 3538; x_wconf 85' lang='lat' dir='ltr'>auspicatum</span> <span class='ocrx_word' id='word_1_98' title='bbox 2300 3474 2402 3518; x_wconf 91' lang='lat' dir='ltr'>me</span> 
     </span>
    </p>
   </div>
   <div class='ocr_carea' id='block_1_12' title="bbox 357 3625 740 3636">
    <p class='ocr_par' dir='ltr' id='par_1_13' title="bbox 357 3625 740 3636">
     <span class='ocr_line' id='line_1_24' title="bbox 357 3625 740 3636; baseline 0 0"><span class='ocrx_word' id='word_1_99' title='bbox 357 3625 740 3636; x_wconf 95' lang='lat' dir='ltr'> </span> 
     </span>
    </p>
   </div>
   <div class='ocr_carea' id='block_1_13' title="bbox 347 3672 2501 4527">
    <p class='ocr_par' dir='ltr' id='par_1_14' title="bbox 349 3672 2501 3845">
     <span class='ocr_line' id='line_1_25' title="bbox 449 3672 2501 3759; baseline 0 -20"><span class='ocrx_word' id='word_1_100' title='bbox 449 3678 492 3756; x_wconf 88' lang='lat'>¹)</span> <span class='ocrx_word' id='word_1_101' title='bbox 581 3681 929 3741; x_wconf 85' lang='lat' dir='ltr'>Theodorus</span> <span class='ocrx_word' id='word_1_102' title='bbox 972 3681 1246 3759; x_wconf 86' lang='lat' dir='ltr'>Doppius</span> <span class='ocrx_word' id='word_1_103' title='bbox 1276 3700 1314 3741; x_wconf 91' lang='lat' dir='ltr'>a</span> <span class='ocrx_word' id='word_1_104' title='bbox 1341 3680 1724 3741; x_wconf 84' lang='lat' dir='ltr'>Broukhusio</span> <span class='ocrx_word' id='word_1_105' title='bbox 1756 3682 2023 3754; x_wconf 84' lang='lat' dir='ltr'>carmine</span> <span class='ocrx_word' id='word_1_106' title='bbox 2056 3672 2400 3743; x_wconf 78' lang='lat' dir='ltr'>celebratus</span> <span class='ocrx_word' id='word_1_107' title='bbox 2494 3723 2501 3731; x_wconf 76' lang='lat'><strong>·</strong></span> 
     </span>
     <span class='ocr_line' id='line_1_26' title="bbox 349 3766 1276 3845; baseline -0.003 -18"><span class='ocrx_word' id='word_1_108' title='bbox 349 3772 446 3827; x_wconf 81' lang='lat' dir='ltr'>est</span> <span class='ocrx_word' id='word_1_109' title='bbox 488 3766 588 3843; x_wconf 83' lang='lat' dir='ltr'>(cf.</span> <span class='ocrx_word' id='word_1_110' title='bbox 639 3769 872 3843; x_wconf 85' lang='lat' dir='ltr'>Poem.,</span> <span class='ocrx_word' id='word_1_111' title='bbox 919 3786 1057 3845; x_wconf 89' lang='lat' dir='ltr'>pag.</span> <span class='ocrx_word' id='word_1_112' title='bbox 1110 3769 1276 3840; x_wconf 85' lang='lat'>123).</span> 
     </span>
    </p>

    <p class='ocr_par' dir='ltr' id='par_1_15' title="bbox 347 3849 2397 4014">
     <span class='ocr_line' id='line_1_27' title="bbox 438 3849 2397 3930; baseline 0.002 -21"><span class='ocrx_word' id='word_1_113' title='bbox 438 3852 484 3925; x_wconf 85' lang='lat'>2)</span> <span class='ocrx_word' id='word_1_114' title='bbox 572 3852 781 3911; x_wconf 86' lang='lat' dir='ltr'>Mense</span> <span class='ocrx_word' id='word_1_115' title='bbox 843 3852 1041 3930; x_wconf 85' lang='lat' dir='ltr'>Aprili</span> <span class='ocrx_word' id='word_1_116' title='bbox 1096 3852 1165 3910; x_wconf 92' lang='lat' dir='ltr'>B.</span> <span class='ocrx_word' id='word_1_117' title='bbox 1229 3849 1511 3910; x_wconf 85' lang='lat' dir='ltr'>Treviros</span> <span class='ocrx_word' id='word_1_118' title='bbox 1556 3856 1688 3911; x_wconf 87' lang='lat' dir='ltr'>erat</span> <span class='ocrx_word' id='word_1_119' title='bbox 1730 3850 2039 3928; x_wconf 88' lang='lat' dir='ltr'>profectus</span> <span class='ocrx_word' id='word_1_120' title='bbox 2086 3853 2186 3929; x_wconf 83' lang='lat' dir='ltr'>(cf.</span> <span class='ocrx_word' id='word_1_121' title='bbox 2234 3855 2397 3912; x_wconf 80' lang='lat' dir='ltr'>Bur-</span> 
     </span>
     <span class='ocr_line' id='line_1_28' title="bbox 347 3936 1496 4014; baseline -0.002 -19"><span class='ocrx_word' id='word_1_122' title='bbox 347 3938 566 3995; x_wconf 71' lang='lat' dir='ltr'>manni</span> <span class='ocrx_word' id='word_1_123' title='bbox 613 3936 930 4014; x_wconf 73' lang='lat' dir='ltr'>Sylloyen‚</span> <span class='ocrx_word' id='word_1_124' title='bbox 977 3938 1094 4011; x_wconf 86' lang='lat' dir='ltr'>IV,</span> <span class='ocrx_word' id='word_1_125' title='bbox 1139 3955 1278 4014; x_wconf 88' lang='lat' dir='ltr'>pag.</span> <span class='ocrx_word' id='word_1_126' title='bbox 1329 3937 1496 4010; x_wconf 87' lang='grc'>419).</span> 
     </span>
    </p>

    <p class='ocr_par' dir='ltr' id='par_1_16' title="bbox 349 4016 2401 4185">
     <span class='ocr_line' id='line_1_29' title="bbox 443 4016 2401 4099; baseline 0.002 -20"><span class='ocrx_word' id='word_1_127' title='bbox 443 4016 492 4095; x_wconf 74' lang='lat'>³)</span> <span class='ocrx_word' id='word_1_128' title='bbox 577 4022 850 4099; x_wconf 81' lang='lat' dir='ltr'>Epistola</span> <span class='ocrx_word' id='word_1_129' title='bbox 915 4029 1004 4083; x_wconf 85' lang='lat' dir='ltr'>est</span> <span class='ocrx_word' id='word_1_130' title='bbox 1067 4022 1132 4080; x_wconf 87' lang='lat' dir='ltr'>in</span> <span class='ocrx_word' id='word_1_131' title='bbox 1196 4020 1583 4081; x_wconf 82' lang='lat' dir='ltr'>Bibliotheca</span> <span class='ocrx_word' id='word_1_132' title='bbox 1647 4021 2011 4082; x_wconf 83' lang='lat' dir='ltr'>Traiectina.</span> <span class='ocrx_word' id='word_1_133' title='bbox 2108 4022 2401 4082; x_wconf 80' lang='lat' dir='ltr'>Graevius</span> 
     </span>
     <span class='ocr_line' id='line_1_30' title="bbox 349 4106 2109 4185; baseline -0.002 -18"><span class='ocrx_word' id='word_1_134' title='bbox 349 4107 693 4168; x_wconf 85' lang='lat' dir='ltr'>eam&#39;misit</span> <span class='ocrx_word' id='word_1_135' title='bbox 733 4107 1003 4167; x_wconf 81' lang='lat' dir='ltr'>Heinsio.</span> <span class='ocrx_word' id='word_1_136' title='bbox 1045 4107 1159 4183; x_wconf 83' lang='lat' dir='ltr'>(cf.</span> <span class='ocrx_word' id='word_1_137' title='bbox 1212 4106 1532 4185; x_wconf 76' lang='lat' dir='ltr'>Sylloyen‚</span> <span class='ocrx_word' id='word_1_138' title='bbox 1578 4106 1696 4182; x_wconf 91' lang='lat' dir='ltr'>l.l.,</span> <span class='ocrx_word' id='word_1_139' title='bbox 1750 4125 1890 4184; x_wconf 88' lang='lat' dir='ltr'>pag.</span> <span class='ocrx_word' id='word_1_140' title='bbox 1941 4108 2109 4181; x_wconf 76' lang='lat'>435).</span> 
     </span>
    </p>

    <p class='ocr_par' dir='ltr' id='par_1_17' title="bbox 347 4190 2403 4357">
     <span class='ocr_line' id='line_1_31' title="bbox 446 4190 2403 4269; baseline 0.001 -20"><span class='ocrx_word' id='word_1_141' title='bbox 446 4190 496 4266; x_wconf 89' lang='lat'>⁴)</span> <span class='ocrx_word' id='word_1_142' title='bbox 582 4192 945 4253; x_wconf 85' lang='lat' dir='ltr'>Interfectus</span> <span class='ocrx_word' id='word_1_143' title='bbox 1020 4197 1110 4252; x_wconf 87' lang='lat' dir='ltr'>est</span> <span class='ocrx_word' id='word_1_144' title='bbox 1172 4192 1236 4249; x_wconf 87' lang='lat' dir='ltr'>in</span> <span class='ocrx_word' id='word_1_145' title='bbox 1301 4192 1532 4269; x_wconf 89' lang='lat' dir='ltr'>proelio</span> <span class='ocrx_word' id='word_1_146' title='bbox 1598 4192 1825 4267; x_wconf 85' lang='lat' dir='ltr'>navali,</span> <span class='ocrx_word' id='word_1_147' title='bbox 1870 4192 2028 4268; x_wconf 89' lang='lat' dir='ltr'>quod</span> <span class='ocrx_word' id='word_1_148' title='bbox 2096 4193 2153 4251; x_wconf 81' lang='lat' dir='ltr'>d.</span> <span class='ocrx_word' id='word_1_149' title='bbox 2213 4193 2403 4250; x_wconf 92' lang='lat' dir='ltr'>XXII</span> 
     </span>
     <span class='ocr_line' id='line_1_32' title="bbox 347 4276 2399 4357; baseline 0 -22"><span class='ocrx_word' id='word_1_150' title='bbox 347 4278 572 4335; x_wconf 87' lang='lat' dir='ltr'>mensis</span> <span class='ocrx_word' id='word_1_151' title='bbox 629 4277 854 4357; x_wconf 85' lang='lat' dir='ltr'>Aprilis</span> <span class='ocrx_word' id='word_1_152' title='bbox 900 4297 1036 4337; x_wconf 91' lang='lat' dir='ltr'>cum</span> <span class='ocrx_word' id='word_1_153' title='bbox 1081 4277 1275 4336; x_wconf 81' lang='lat' dir='ltr'>Gallis</span> <span class='ocrx_word' id='word_1_154' title='bbox 1307 4276 1467 4355; x_wconf 86' lang='lat' dir='ltr'>apud</span> <span class='ocrx_word' id='word_1_155' title='bbox 1497 4276 1759 4336; x_wconf 88' lang='lat' dir='ltr'>insulam</span> <span class='ocrx_word' id='word_1_156' title='bbox 1788 4277 2055 4337; x_wconf 86' lang='lat' dir='ltr'>Siciliam</span> <span class='ocrx_word' id='word_1_157' title='bbox 2088 4278 2399 4338; x_wconf 78' lang='lat' dir='ltr'>commisit.</span> 
     </span>
    </p>

    <p class='ocr_par' dir='ltr' id='par_1_18' title="bbox 349 4359 2401 4527">
     <span class='ocr_line' id='line_1_33' title="bbox 441 4359 2401 4441; baseline 0.002 -22"><span class='ocrx_word' id='word_1_158' title='bbox 441 4359 493 4437; x_wconf 77' lang='grc'>5)</span> <span class='ocrx_word' id='word_1_159' title='bbox 581 4362 912 4441; x_wconf 82' lang='lat' dir='ltr'>Exemplar</span> <span class='ocrx_word' id='word_1_160' title='bbox 971 4364 1150 4422; x_wconf 89' lang='lat' dir='ltr'>huius</span> <span class='ocrx_word' id='word_1_161' title='bbox 1211 4362 1506 4440; x_wconf 80' lang='lat' dir='ltr'>epistolae</span> <span class='ocrx_word' id='word_1_162' title='bbox 1578 4363 1849 4440; x_wconf 83' lang='lat' dir='ltr'>reperias</span> <span class='ocrx_word' id='word_1_163' title='bbox 1910 4363 1974 4421; x_wconf 89' lang='lat' dir='ltr'>in</span> <span class='ocrx_word' id='word_1_164' title='bbox 2016 4363 2401 4424; x_wconf 87' lang='lat' dir='ltr'>Bibliotheca</span> 
     </span>
     <span class='ocr_line' id='line_1_34' title="bbox 349 4447 2398 4527; baseline 0 -20"><span class='ocrx_word' id='word_1_165' title='bbox 349 4447 716 4507; x_wconf 85' lang='lat' dir='ltr'>Traiectina.</span> <span class='ocrx_word' id='word_1_166' title='bbox 789 4449 1084 4508; x_wconf 79' lang='lat' dir='ltr'>Graevius</span> <span class='ocrx_word' id='word_1_167' title='bbox 1129 4466 1263 4508; x_wconf 90' lang='lat' dir='ltr'>eam</span> <span class='ocrx_word' id='word_1_168' title='bbox 1306 4448 1468 4509; x_wconf 89' lang='lat' dir='ltr'>misit</span> <span class='ocrx_word' id='word_1_169' title='bbox 1510 4448 1893 4507; x_wconf 87' lang='lat' dir='ltr'>Broukhusio</span> <span class='ocrx_word' id='word_1_170' title='bbox 1939 4449 2038 4524; x_wconf 84' lang='lat' dir='ltr'>(cf.</span> <span class='ocrx_word' id='word_1_171' title='bbox 2085 4448 2365 4527; x_wconf 73' lang='lat' dir='ltr'>Sylloyen</span> <span class='ocrx_word' id='word_1_172' title='bbox 2382 4492 2398 4523; x_wconf 91' lang='lat'>‚</span> 
     </span>
    </p>
   </div>
   <div class='ocr_carea' id='block_1_14' title="bbox 345 4532 901 4611">
    <p class='ocr_par' dir='ltr' id='par_1_19' title="bbox 345 4532 901 4611">
     <span class='ocr_line' id='line_1_35' title="bbox 345 4532 901 4611; baseline 0 -20"><span class='ocrx_word' id='word_1_173' title='bbox 345 4532 394 4592; x_wconf 79' lang='lat'>1.</span> <span class='ocrx_word' id='word_1_174' title='bbox 416 4532 494 4611; x_wconf 90' lang='lat'>1.,</span> <span class='ocrx_word' id='word_1_175' title='bbox 539 4550 680 4611; x_wconf 81' lang='lat' dir='ltr'>pag.</span> <span class='ocrx_word' id='word_1_176' title='bbox 729 4534 901 4610; x_wconf 84' lang='lat'>436).</span> 
     </span>
    </p>
   </div>
  </div>
 </body>
</html>
