2975 5209
1424 495 1498 556 11

437 688 878 754 Bibliothecae
926 688 1369 775 Lugdunensi,
1441 710 1625 775 quam
1674 690 2057 755 humanitate
2107 696 2294 779 atque
2340 691 2486 755 doc-

441 809 603 873 trina
649 809 920 873 illustras
971 818 1030 875 et
1077 810 1436 876 illustrabis,

538 928 753 994 Pauca
823 930 1162 994 admodum
1219 929 1435 994 ‘dicam
1512 930 1590 994 de
1665 930 1938 1015 ratione,
2017 952 2138 1017 qua
2188 924 2487 1018 epistolas

445 1049 651 1130 edere,
683 1049 932 1114 institui.
1032 1049 1308 1115 Iudicavi
1357 1070 1634 1136 semper,
1687 1050 1795 1115 ubi
1844 1052 2087 1117 litterae
2136 1057 2485 1136 serventur,

437 1170 493 1233 si
538 1170 851 1265 ‘excipias
923 1170 1221 1256 epistolas
1288 1169 1367 1235 ad
1415 1169 1958 1256 Almelovenium,
2034 1191 2191 1258 quae
2241 1177 2381 1235 suut
2426 1170 2487 1235 in

447 1288 848 1354 Bibliotheca
898 1284 1285 1375 Traiectina,
1340 1290 1419 1354 ad
1466 1290 1829 1355 Hesselium
1873 1291 1934 1355 in
1993 1290 2269 1355 Archivo
2318 1291 2489 1356 urbis

441 1408 1125 1495 Amstelaedamensis,
1205 1410 1284 1474 ad
1335 1388 1711 1492 Graevium,
1784 1432 1937 1497 quas
1985 1411 2046 1475 iu
2096 1410 2491 1477 Bibliotheca

441 1530 650 1616 Regia
698 1531 1066 1616 Hafnieusi,
1131 1530 1228 1595 cui
1277 1527 1389 1593 Vir
1440 1529 1624 1594 Doct.
1678 1529 1888 1595 Brunn
1939 1532 2329 1619 praepositus
2357 1538 2486 1616 est,

438 1652 742 1737 reperias.
841 1650 970 1717 Eas
1045 1651 1381 1737 epistolae,
1456 1672 1617 1738 quae
1667 1660 1807 1715 sunt
1854 1651 2107 1716 maioris
2157 1652 2486 1736 momenti,

437 1778 600 1835 totas
672 1766 848 1858 prelo
921 1772 1250 1853 mandavi,
1327 1772 1589 1835 aliarum
1663 1770 2009 1857 fragmenta
2081 1777 2314 1836 tantum
2384 1778 2489 1836 aut

441 1892 750 1977 epitomas
801 1891 997 1955 trado.
1097 1890 1201 1955 Ex
1247 1891 1322 1955 iis
1375 1891 1622 1976 litteris,
1693 1910 1851 1977 quae
1900 1890 1981 1955 ad
2026 1890 2491 1957 Broukhusium

439 2012 626 2077 datae
675 2018 839 2097 suut,
874 2058 880 2063 ·
911 2032 1149 2098 paucae
1197 2012 1505 2098 quaedam
1553 2013 1830 2096 integrae
1868 2009 2191 2097 prodeunt.
2263 2010 2488 2075 Ortho-

441 2131 774 2218 graphiam
826 2132 1229 2220 epistolarum
1279 2133 1534 2217 retinui,
1586 2131 2141 2219 interpunctionem
2192 2153 2491 2197 nonnum-

440 2272 630 2339 quam
703 2251 951 2315 mutavi.
1047 2251 1120 2315 In
1181 2252 1339 2315 notis
1411 2251 1617 2316 brevis
1668 2272 1805 2317 esse
1852 2251 2171 2338 laboravi,
2249 2252 2360 2317 sed
2411 2251 2489 2317 de

440 2371 728 2438 omnibus
782 2372 971 2456 viris,
1048 2372 1150 2457 qui
1199 2372 1260 2435 iu
1311 2371 1589 2458 epistolis
1638 2378 2237 2456 commemorantur,
2288 2392 2493 2459 pauca
2542 2425 2549 2430 .

440 2492 739 2580 ascripsi,
794 2493 846 2556 si
898 2492 976 2557 de
1023 2492 1144 2555 illis
1195 2491 1430 2578 aliquid
1477 2491 1751 2556 invenire
1799 2491 1992 2578 potui.
2091 2490 2246 2555 Inde
2298 2492 2489 2556 multa

433 2620 581 2677 sunt
627 2612 688 2676 in
738 2612 968 2697 uotis,
1021 2632 1180 2697 quae
1231 2611 1378 2675 satis
1427 2618 1568 2676 sunt
1618 2612 1898 2697 cognita,
1952 2611 2065 2676 sed
2113 2609 2363 2680 difficile
2397 2618 2489 2676 est

437 2731 815 2816 decernere,
892 2752 1152 2818 quorum
1223 2731 1350 2795 vita
1411 2738 1557 2796 nota
1620 2732 1698 2795 sit
1744 2732 2137 2817 illustranda,
2214 2731 2318 2818 qui
2366 2753 2486 2796 nou

371 2908 376 2913 .
439 2858 682 2938 egeant.
790 2850 977 2916 Viros
1053 2850 1297 2936 doctos,
1385 2851 1609 2935 quibus
1682 2852 1985 2939 epistolae
2058 2852 2239 2917 datae
2312 2860 2483 2943 sunt,

443 2971 613 3060 apud
665 2972 796 3058 Te,
866 2972 1172 3037 benevole
1219 2971 1486 3057 Lector,
1560 2972 1837 3057 singulos
1885 2970 2288 3041 introducam.
2388 2972 2487 3038 De

444 3091 583 3157 aliis
656 3113 774 3157 non
847 3113 1095 3179 semper
1157 3092 1308 3156 mihi
1372 3091 1608 3177 libelli,
1687 3112 1843 3179 quos
1915 3091 2481 3179 „monographias”

439 3212 671 3297 dicunt,
742 3220 992 3300 praesto
1057 3219 1265 3297 erant,
1320 3220 1378 3277 et
1428 3212 1691 3277 libenter
1738 3233 2007 3297 agnosco
2058 3212 2206 3276 mihi
2238 3212 2487 3299 saepius

435 3333 752 3420 praesidio
802 3332 994 3397 fuisse
1046 3353 1119 3396 ea
1168 3332 1406 3417 lexica,
1459 3333 1520 3396 iu
1572 3332 1793 3418 quibus
1848 3332 1923 3397 de
1974 3332 2100 3396 vita
2139 3338 2199 3396 et
2242 3333 2486 3420 scriptis

435 3454 708 3519 virorum
766 3453 1146 3518 eruditorum
1203 3452 1422 3538 agitur.
1524 3451 1815 3518 Carmina
1860 3452 2244 3517 Broukhusii
2291 3474 2475 3517 manu

441 3574 702 3667 scripta,
782 3594 940 3659 quae
1009 3573 1069 3637 in
1135 3571 1535 3638 Bibliotheca
1582 3573 1985 3658 Lugdunensi
2032 3580 2354 3638 servantur
2397 3575 2481 3661 ¹),

436 3713 700 3779 magnos
749 3713 894 3757 usus
945 3694 1276 3758 attulerunt
1324 3692 1403 3757 ad
1450 3714 1551 3757 res
1602 3693 1898 3758 obscuras
1947 3693 2359 3763 illustrandas.

1259 4012 1669 4025 *—

542 4350 583 4426 ¹)
670 4318 770 4413 Et'
815 4353 1084 4413 carmina
1146 4354 1471 4429 iuvenilia,
1519 4354 1593 4413 de
1638 4355 1855 4432 quibus
1902 4362 2044 4415 ante
2090 4375 2283 4416 sermo
2328 4358 2479 4435 fuit,

444 4442 507 4497 et
579 4438 701 4498 alia
766 4456 803 4497 a
869 4440 1320 4518 Hoogstratano
1390 4440 1587 4515 edita,
1657 4440 1818 4499 CLX
1886 4460 2171 4516 numer-03
2216 4442 2310 4501 his
2354 4444 2483 4504 sere

443 4524 722 4585 omnibus
764 4528 1000 4604 tempus
1044 4544 1164 4605 quo
1210 4526 1540 4605 composita
1582 4526 1704 4587 sint
1747 4527 2070 4606 ascriptum
2115 4532 2222 4593 est.
2312 4578 2318 4583 .
