2975 5209
1552 468 1639 529 58

570 662 1046 729 Amaltheorum
1085 666 1167 748 ¹),
1242 665 1416 747 cujus
1465 669 1675 727 tamen
1726 662 2116 729 characteres
2166 664 2287 748 ipsi
2338 662 2639 749 displice-

573 782 760 864 bant,
824 804 1025 867 neque
1083 805 1232 847 sanc
1281 782 1432 847 mihi
1481 790 1769 867 poterant
1815 783 2109 869 probari,
2176 790 2393 870 utpote
2441 783 2636 847 nimis

473 886 479 892 ¹
573 904 806 967 minuti.
907 903 972 966 Si
1023 904 1168 989 quid
1219 903 1300 966 ad
1347 903 1524 965 illum
1562 902 1816 987 scribis,
1869 902 1983 966 Vir
2018 901 2415 988 Clarissime,
2466 924 2635 988 urge

575 1043 806 1109 quaeso
856 1023 1205 1107 hominem,
1279 1030 1344 1086 ut
1393 1023 1554 1085 serio
1608 1022 1685 1085 ad
1738 1022 2075 1087 editionem
2126 1024 2411 1107 accingat
2458 1044 2626 1087 sese.

573 1142 729 1206 Cum
779 1142 1160 1227 XVolfgango
1215 1142 1313 1227 egi
1363 1142 1444 1205 de
1494 1142 1653 1206 libro
1705 1142 2124 1228 Salmasian0‚
2178 1151 2241 1207 et
2291 1144 2392 1228 egi
2434 1143 2625 1207 serio,

571 1261 634 1324 Is
675 1282 743 1326 se
796 1261 1100 1328 editurum
1151 1262 1414 1348 recepit,
1469 1260 1583 1325 sed
1634 1262 1911 1326 codicem
1962 1264 2167 1349 ipsum
2216 1264 2429 1329 videre
2461 1263 2627 1327 desi-

573 1380 782 1464 derat,
833 1394 899 1444 ut
947 1382 1104 1445 scire
1155 1382 1350 1466 possit
1400 1382 1546 1467 quid
1582 1384 1713 1446 fieri
1752 1384 1977 1447 debeat
2011 1385 2091 1448 de
2128 1383 2356 1448 tabulis
2386 1384 2621 1467 aeneis,

569 1499 668 1583 (iis
738 1499 903 1564 enim
975 1521 1130 1587 opus
1198 1500 1332 1565 fore
1398 1502 1585 1566 valde
1638 1509 1731 1566 est
1780 1503 2101 1587 credibile)
2156 1503 2355 1590 deque
2405 1524 2624 1567 earum

569 1620 818 1685 artifice.
919 1618 1221 1685 Dixeram
1269 1621 1694 1707 profecturum
1743 1644 1845 1687 me
1887 1622 2250 1708 Trajectum
2285 1632 2347 1689 et
2378 1622 2621 1687 Tecum

570 1739 649 1804 de
716 1745 847 1805 toto
896 1740 1146 1825 negotio
1199 1746 1520 1825 acturum,
1583 1740 1848 1807 fortasse
1898 1744 2085 1807 etiam
2133 1743 2363 1807 librum
2410 1743 2624 1828 ipsum

569 1880 812 1924 mecum
863 1860 1209 1923 allaturum.
1285 1860 1361 1924 Id
1411 1882 1551 1925 cum
1595 1862 1733 1945 jam
1780 1864 2056 1927 fierinon
2086 1864 2310 1950 possit,
2350 1869 2621 1949 expecto

573 2001 607 2044 e
654 1980 846 2044 literis
898 1981 1048 2064 tuis,
1100 1979 1214 2044 Vir
1264 1979 1660 2066 clarissime,
1716 1983 1861 2067 quid
1911 1982 2002 2045 illi
2036 1982 2401 2067 responderi
2431 1983 2615 2047 velis.

570 2098 782 2164 Hasce
830 2101 1098 2164 inclusas
1148 2120 1298 2184 rogo
1348 2107 1417 2163 ut
1456 2097 1754 2163 Gramero
1797 2098 2149 2163 reddendas
2184 2120 2400 2164 curare
2433 2100 2617 2164 velis.
2699 2076 2705 2080 '

501 2276 510 2285 ,
571 2216 730 2284 Vale
778 2218 890 2282 Vir
940 2217 1362 2283 Celeberrime
1414 2226 1472 2281 et
1523 2239 1623 2281 me
1672 2240 1883 2282 amare
1932 2240 2143 2304 porge.

663 2336 1156 2422 Amstelodami,
1213 2340 1250 2401 8
1303 2337 1454 2403 Julii
1508 2340 1704 2402 1688.

1500 2578 1578 2639 51
1616 2571 1680 2658 ²).

1319 2716 1454 2779 lano
1503 2716 1855 2782 Broukhusio

1137 2827 1379 2891 loannes
1426 2825 1703 2910 Georqlus
1749 2827 2041 2913 Graevius.

660 3014 672 3027 .
715 3015 727 3028 .
767 3015 780 3028 .
821 3014 833 3027 .
893 2964 1110 3047 „Mitto
1163 2964 1539 3031 Salmasium
1592 2968 1669 3031 de
1721 2968 1941 3032 militia
1990 2968 2277 3031 Romana
2314 2970 2381 3052 3).
2433 2967 2611 3031 Bene

565 3103 714 3147 sane
776 3084 1114 3149 mereberis
1180 3085 1258 3149 de
1309 3107 1374 3149 re
1423 3064 1755 3171 litteraria,
1830 3088 1881 3149 si
1930 3096 1996 3151 ut
2042 3088 2245 3151 lucem
2299 3088 2604 3173 adspiciat

563 3202 665 3266 hic
731 3203 889 3267 liber
956 3225 1210 3289 operam
1280 3204 1543 3268 dederis.
1645 3203 1898 3269 Vtinam
1966 3206 2169 3292 possis
2222 3206 2406 3269 etiam
2456 3205 2608 3268 Am-

666 3371 706 3447 ¹)
793 3374 1101 3433 Amalthei
1158 3375 1405 3448 fratreS,
1466 3374 1875 3451 Hieronymus
1932 3366 2437 3450 (15064-1574)‚
2496 3374 2605 3434 Jo-

567 3477 755 3517 annes
826 3460 1100 3537 Baptista
1173 3461 1681 3535 (1525—1573),
1744 3461 2056 3519 Cornelius
2102 3461 2605 3537 (1530—1603),

567 3564 601 3603 e
645 3551 828 3623 gente
873 3546 1264 3603 celeberrima
1307 3545 1554 3619 Italica,
1602 3545 1829 3622 optima
1873 3547 2157 3604 fruuntur
2196 3545 2605 3604 fama-carmi-

563 3631 743 3689 nibus
809 3632 930 3689 suis
997 3631 1245 3690 Latinis.
1335 3631 1583 3688 Illorum
1654 3632 1962 3707 carmina,
2018 3651 2069 3689 a.
2125 3634 2282 3689 1627
2330 3630 2607 3689 Venetiis

564 3716 752 3791 edita,
795 3716 1017 3776 iterum
1063 3716 1230 3795 prelo
1277 3716 1559 3775 mandata
1603 3722 1743 3775 sunt
1788 3716 2285 3793 Amstelaedami,
2332 3736 2383 3775 a.
2425 3719 2604 3775 1689.

561 3801 718 3860 Vide
763 3800 838 3860 ad
883 3802 1069 3879 Epist.
1119 3802 1272 3859 LVI.

651 3887 695 3961 2)
781 3888 852 3945 In
907 3888 1288 3947 Bibliotheca
1331 3887 1740 3963 [lugdunensi.

653 3970 701 4046 3)
749 3973 1034 4032 Claudius
1059 3974 1380 4032 Salmasius
1413 3973 1905 4048 (1588-1653),
1934 3973 2164 4046 GalluS,
2188 3971 2609 4050 philosophiae

562 4064 623 4116 et
680 4059 970 4118 scientiae
1032 4060 1177 4117 iuris
1223 4058 1506 4117 studebat
1552 4059 1831 4116 Lutetiae
1880 4064 1939 4117 et
1983 4058 2399 4135 Edelbergae‚
2447 4075 2609 4115 anno

569 4145 722 4202 1631
747 4145 1029 4221 Lugduni
1048 4148 1346 4222 professor
1363 4152 1597 4202 creatus
1624 4149 1731 4216 est,
1758 4144 1816 4199 in
1846 4144 2118 4200 sueciam
2145 4144 2425 4221 migravit
2450 4151 2609 4199 a'nno

568 4231 762 4305 1650,
809 4230 912 4287 sed
959 4250 1100 4289 mox
1146 4232 1220 4288 ad
1267 4230 1543 4306 Belgium
1589 4229 1783 4287 rediit.
1874 4229 2076 4287 Edidit
2121 4229 2386 4303 Florum,
2422 4227 2612 4303 Scrip-

562 4320 722 4373 tores
767 4315 1071 4374 Historiae
1116 4317 1460 4392 Augustae,
1508 4314 1987 4387 Tertullianum,
2014 4314 2413 4391 Simplicium,
2442 4313 2611 4370 alios.

563 4401 746 4459 Liber
805 4402 932 4459 eius
990 4402 1064 4460 de
1118 4421 1182 4460 re
1228 4401 1476 4460 militari
1518 4401 1926 4458 Romanorum
1972 4419 2023 4457 a.
2081 4402 2236 4457 1657
2287 4399 2481 4459 editus
2520 4406 2611 4458 est

563 4486 864 4566 Lugduni.
