2975 5209
1544 506 1633 582 20

557 708 660 782 hic
681 694 882 783 esses.
953 715 1132 781 Idem
1165 714 1356 781 hodie
1388 720 1628 801 urgent.
1704 712 1773 778 Si
1808 711 2094 792 adesses,
2133 711 2270 796 jam
2295 715 2619 798 peractum

553 842 760 902 tecum
809 840 974 901 esset
1024 836 1358 923 negotium.
1457 834 1629 900 Inter
1677 834 1935 899 comites
1958 883 1977 914 ,
2026 808 2111 897 ut·
2139 831 2323 896 facile
2372 830 2601 916 credis,

555 962 649 1023 est
715 956 951 1034 amicus
1017 962 1257 1040 noster,
1338 955 1442 1042 qui
1504 955 1642 1039 jam
1699 974 1860 1018 nunc
1910 950 2131 1018 eadem
2184 952 2261 1015 de
2311 972 2378 1016 re
2428 949 2509 1014 ad
2557 956 2618 1015 te
2648 996 2665 1003 -

551 1046 764 1141 literas
811 1075 997 1141 mittit
1031 1076 1092 1159 ¹).
1169 1073 1257 1139 At
1289 1074 1614 1140 miraberis
1653 1074 1958 1161 reliquos!
2012 1073 2275 1158 Divina,
2332 1072 2386 1136 si
2418 1077 2623 1159 potes·

883 1195 1082 1281 Lupis
1132 1200 1194 1259 et
1241 1195 1416 1281 agnis
1467 1200 1695 1281 quanta
1744 1194 1961 1258 sortito
2009 1192 2237 1278 obtigit

885 1311 1188 1399 Discussa
1235 1336 1394 1379 nunc
1445 1313 1755 1379 discordia
1801 1320 1895 1378 est
1926 1315 1997 1397 2).
2083 1379 2089 1387 ,

651 1434 793 1501 Non
841 1434 1018 1522 potui
1067 1433 1500 1519 subterfugere
1542 1433 1850 1519 judicium
1898 1433 2223 1498 consulum
2273 1433 2376 1521 qui
2409 1432 2611 1497 socios

561 1556 739 1621 nobis
808 1555 1152 1640 adjunxere
1200 1554 1482 1620 Pelsium
1518 1557 1566 1639 ³)
1618 1575 1691 1619 ac
1739 1553 2049 1639 Majerum
2082 1553 2169 1638 ⁴),
2252 1552 2617 1639 quibuscum

563 1683 768 1741 tamen
832 1674 1031 1761 probe
1097 1673 1275 1738 nobis
1327 1674 1673 1760 conveniet,
1742 1682 2039 1760 quantum
2090 1672 2293 1737 video.
2393 1672 2618 1736 Placet

563 1802 822 1883 uterque
868 1793 1185 1859 hactenus.
1285 1793 1639 1879 Posterior,
1690 1802 2132 1881 praeterquam
2168 1794 2335 1880 quod
2366 1793 2614 1878 linguae

565 1914 966 1999 vernaculae,
1043 1934 1115 1977 ac
1161 1914 1254 1978 rei
1301 1914 1623 1978 theatralis
1671 1914 1874 1978 sciens
1926 1912 2301 1997 admodum,
2373 1909 2609 1977 videtur

568 2056 706 2100 esse
746 2033 951 2131 ‘hilari
1019 2053 1092 2097 ac
1123 2084 1129 2089 .
1159 2032 1422 2098 candido
1494 2034 1738 2117 animo,
1818 2039 1950 2097 tum
1997 2032 2057 2095 in
2100 2029 2442 2117 judicando
2492 2052 2612 2096 uon

562 2154 744 2226 nimis
790 2136 1108 2217 fastuosus·
1162 2159 1223 2218 et
1282 2153 1535 2217 alterius
1586 2151 1873 2239 patiens'’
1922 2203 1935 2217 .
1976 2202 1989 2216 .
2023 2202 2036 2217 .
2070 2202 2083 2217 .
2141 2152 2436 2239 „Reliqui
2485 2159 2624 2215 sunt
2678 2178 2687 2183 ·
2746 2221 2755 2229 ,

567 2271 1085 2360 Papenbroekius
1117 2274 1168 2357 ⁵)
1238 2278 1298 2336 et
1353 2271 1654 2339 Matham.
1729 2271 2146 2337 Boumeisteri
2196 2273 2247 2357 6)
2320 2270 2628 2336 delebitur

565 2412 818 2477 nomen,
867 2398 929 2456 et
976 2397 1185 2456 torvus
1243 2392 1348 2456 ille
1395 2392 1529 2456 sine
1583 2392 1771 2457 dubio

629 2512 967 2583 ,Concidet
983 2562 1002 2595 ,
1049 2512 1481 2599 exanimisque
1531 2520 1797 2579 tremens
1833 2512 2200 2600 procumbet
2223 2511 2397 2575 humi
2423 2484 2542 2576 bos
2554 2512 2619 2596 ⁷).

663 2630 885 2719 Aeque
928 2632 1090 2697 enim
1125 2633 1270 2719 suis,
1316 2633 1484 2720 quod
1510 2655 1629 2698 non
1650 2626 1957 2720 putaram,
1984 2654 2057 2696 ac
2077 2632 2256 2697 nobis
2276 2631 2509 2696 invisus
2532 2636 2625 2695 est

567 2753 888 2818 universis.
909 2751 1081 2817 Nihil
1095 2752 1176 2817 ad
1197 2752 1521 2838 pristinum
1540 2774 1777 2818 morem
1795 2751 2229 2837 revocandum,
2250 2751 2366 2838 nisi
2381 2751 2624 2846 Broelz-

507 2926 516 2935 .
568 2872 820 2957 husius,
876 2871 1096 2965 deesse
1146 2871 1407 2937 videtur.
1463 2871 1531 2937 Si
1580 2873 1713 2937 sine
1764 2868 1977 2937 ordine
2028 2893 2102 2935 ac
2135 2870 2333 2957 gradu
2366 2870 2618 2935 militari

570 2966 1119 3076 fuisses‚'‘ddmum
1137 2998 1197 3056 te
1219 3012 1708 3078 revocassemus,
1740 2992 1851 3057 sed
1873 3013 2030 3055 nunc
2057 3013 2197 3056 cum
2227 2992 2405 3066 aliter
2428 3012 2497 3057 se
2526 3012 2623 3056 res

569 3110 836 3196 habeat,
901 3084 1235 3179 videbatur
1283 3112 1349 3175 id
1397 3111 1757 3198 neutiquam
1803 3111 1947 3176 fieri
1994 3132 2221 3198 posse,
2275 3118 2342 3175 ut
2391 3118 2623 3176 certum

573 3352 611 3392 a
669 3332 734 3393 O.
793 3332 869 3392 N.
928 3332 1312 3410 Wybrands,
1387 3334 1509 3394 Het
1575 3334 2101 3394 Amsterdamsche
2179 3334 2437 3394 Too'neel
2504 3352 2627 3391 van
2684 3388 2691 3395 .

573 3420 1030 3494 1617-1772,
1084 3421 1263 3477 1873.
1572 3414 1577 3417 ’

671 3502 714 3578 ¹)
780 3504 1063 3562 Fortasse
1129 3504 1286 3563 Joan
1351 3504 1651 3579 Pluimer,
1729 3504 1833 3581 qui
1903 3504 2173 3563 carmina
2234 3503 2487 3581 Belgica
2552 3522 2622 3561 ac

573 3588 924 3667 tragoedias
984 3588 1170 3647 edidit
1253 3594 1313 3648 et
1368 3594 1582 3667 postea
1641 3590 1906 3666 praefuit
1975 3590 2240 3649 Theatro
2284 3589 2619 3648 Amstelae-

577 3673 868 3733 damensi.
957 3672 1105 3732 Erat
1163 3674 1388 3733 amicus
1443 3673 1813 3732 Broukhusii
1874 3674 2037 3751 (vide
2084 3674 2160 3733 ad
2204 3674 2376 3753 Epist
2418 3673 2619 3748 XIX).

663 3756 716 3834 2)
759 3757 1044 3817 Imitatur
1092 3758 1192 3815 Fr.
1238 3758 1588 3834 Horatium,
1634 3758 1821 3836 Epod.
1870 3762 1937 3834 4,
1984 3778 2070 3819 vs.
2124 3761 2177 3817 1.

666 3839 718 3917 ³)
761 3842 1020 3901 Andries
1042 3842 1198 3918 Pele,
1231 3844 1335 3901 Dr.
1361 3844 1505 3918 Iur.,
1536 3847 1717 3921 poeta
1733 3844 2161 3903 celeberrimus
2179 3844 2305 3903 eius
2321 3842 2626 3921 temporis.

663 3925 717 4003 ⁴)
764 3926 1076 4005 Lodewijk
1109 3928 1352 4006 MeiJer,
1395 3928 1555 3987 Med.
1588 3928 1711 4004 Dr„
1741 3929 2083 4008 tragoedias
2112 3927 2438 3989 nonnullas
2470 3947 2629 3988 com·

578 4014 801 4092 posuit.
1275 4060 1278 4065 .

665 4096 718 4173 5)
761 4100 878 4157 Pro
908 4098 1370 4176 Papenbroekio
1402 4099 1624 4158 Tobias
1655 4098 1691 4159 a
1721 4100 2076 4159 Domselaar
2106 4118 2324 4158 munus
2348 4098 2627 4176 suscepit.

667 4180 719 4257 ⁰)
762 4184 854 4243 De
912 4183 1371 4262 Papenbroekio
1427 4185 1533 4244 illo
1592 4184 1743 4243 nihil
1794 4186 2122 4245 memoriae
2166 4184 2453 4258 traditum
2504 4189 2629 4259 est3

576 4268 769 4328 Jacob
837 4268 1106 4328 Matham
1165 4274 1226 4329 et
1268 4270 1385 4328 Jan
1429 4271 1855 4348 Boumeester,
1900 4271 2058 4329 Med.
2108 4272 2314 4343 Doct.,
2367 4286 2625 4328 comme-

575 4358 890 4414 morantur
917 4354 1332 4415 tantummo'do
1355 4356 1420 4414 in
1441 4355 1598 4415 libro
1621 4356 1872 4416 laudato
1895 4357 2025 4415 Viri
2058 4356 2229 4415 Doct.
2256 4354 2624 4431 Wybrands,
2718 4422 2722 4429 ‚

577 4458 716 4518 pag.
767 4442 908 4499 230.
2299 4451 2307 4457 ’
2626 4446 2635 4457 ‘

675 4522 721 4600 ²)
807 4526 994 4605 Verg.
1038 4527 1223 4603 Aen.,
1266 4526 1356 4602 V,
1399 4544 1484 4585 vs.
1538 4528 1679 4584 481.
