<?xml version="1.0" encoding="UTF-8"?>
<!DOCTYPE html PUBLIC "-//W3C//DTD XHTML 1.0 Transitional//EN"
    "http://www.w3.org/TR/xhtml1/DTD/xhtml1-transitional.dtd">
<html xmlns="http://www.w3.org/1999/xhtml" xml:lang="en" lang="en">
 <head>
  <title>
</title>
<meta http-equiv="Content-Type" content="text/html;charset=utf-8" />
  <meta name='ocr-system' content='tesseract 3.04.00' />
  <meta name='ocr-capabilities' content='ocr_page ocr_carea ocr_par ocr_line ocrx_word'/>
</head>
<body>
  <div class='ocr_page' id='page_1' title='image "./epistolaeselect00worpgoog_0054.png"; bbox 0 0 2975 5209; ppageno 0'>
   <div class='ocr_carea' id='block_1_1' title="bbox 1465 536 1555 597">
    <p class='ocr_par' dir='ltr' id='par_1_1' title="bbox 1465 536 1555 597">
     <span class='ocr_line' id='line_1_1' title="bbox 1465 536 1555 597; baseline 0 0"><span class='ocrx_word' id='word_1_1' title='bbox 1465 536 1555 597; x_wconf 91' lang='lat'>40</span> 
     </span>
    </p>
   </div>
   <div class='ocr_carea' id='block_1_2' title="bbox 483 719 2556 1882">
    <p class='ocr_par' dir='ltr' id='par_1_2' title="bbox 483 719 2556 1882">
     <span class='ocr_line' id='line_1_2' title="bbox 483 719 2545 806; baseline 0.002 -23"><span class='ocrx_word' id='word_1_2' title='bbox 483 719 716 806; x_wconf 89' lang='lat' dir='ltr'>accepi.</span> <span class='ocrx_word' id='word_1_3' title='bbox 812 720 888 785; x_wconf 92' lang='lat' dir='ltr'>Id</span> <span class='ocrx_word' id='word_1_4' title='bbox 960 740 1107 785; x_wconf 84' lang='lat' dir='ltr'>vero</span> <span class='ocrx_word' id='word_1_5' title='bbox 1181 727 1249 785; x_wconf 91' lang='lat' dir='ltr'>ut</span> <span class='ocrx_word' id='word_1_6' title='bbox 1321 722 1693 805; x_wconf 80' lang='lat' dir='ltr'><strong>resarciam,</strong></span> <span class='ocrx_word' id='word_1_7' title='bbox 1773 722 1923 805; x_wconf 89' lang='lat' dir='ltr'>(non</span> <span class='ocrx_word' id='word_1_8' title='bbox 2000 722 2166 785; x_wconf 89' lang='lat' dir='ltr'>enim</span> <span class='ocrx_word' id='word_1_9' title='bbox 2216 727 2346 786; x_wconf 88' lang='lat' dir='ltr'>tam</span> <span class='ocrx_word' id='word_1_10' title='bbox 2396 724 2545 788; x_wconf 89' lang='lat' dir='ltr'>leve</span> 
     </span>
     <span class='ocr_line' id='line_1_3' title="bbox 486 838 2549 927; baseline 0.002 -25"><span class='ocrx_word' id='word_1_11' title='bbox 486 838 780 924; x_wconf 79' lang='lat' dir='ltr'><strong>quiddam</strong></span> <span class='ocrx_word' id='word_1_12' title='bbox 852 839 1020 925; x_wconf 89' lang='lat' dir='ltr'>apud</span> <span class='ocrx_word' id='word_1_13' title='bbox 1090 861 1192 905; x_wconf 90' lang='lat' dir='ltr'>me</span> <span class='ocrx_word' id='word_1_14' title='bbox 1260 847 1354 904; x_wconf 89' lang='lat' dir='ltr'>est</span> <span class='ocrx_word' id='word_1_15' title='bbox 1425 840 1697 903; x_wconf 85' lang='lat' dir='ltr'>amicitia</span> <span class='ocrx_word' id='word_1_16' title='bbox 1769 846 1917 925; x_wconf 85' lang='lat' dir='ltr'>tua,</span> <span class='ocrx_word' id='word_1_17' title='bbox 1992 846 2063 904; x_wconf 90' lang='lat' dir='ltr'>ut</span> <span class='ocrx_word' id='word_1_18' title='bbox 2110 843 2187 907; x_wconf 73' lang='lat' dir='ltr'>ea</span> <span class='ocrx_word' id='word_1_19' title='bbox 2236 843 2549 927; x_wconf 80' lang='lat' dir='ltr'>patienter</span> 
     </span>
     <span class='ocr_line' id='line_1_4' title="bbox 485 958 2547 1046; baseline 0.001 -25"><span class='ocrx_word' id='word_1_20' title='bbox 485 979 696 1023; x_wconf 87' lang='lat' dir='ltr'>carere</span> <span class='ocrx_word' id='word_1_21' title='bbox 768 962 1042 1045; x_wconf 90' lang='lat' dir='ltr'>possem)</span> <span class='ocrx_word' id='word_1_22' title='bbox 1121 958 1370 1024; x_wconf 83' lang='lat' dir='ltr'>decrevi</span> <span class='ocrx_word' id='word_1_23' title='bbox 1444 980 1565 1022; x_wconf 91' lang='lat' dir='ltr'>non</span> <span class='ocrx_word' id='word_1_24' title='bbox 1640 958 1771 1023; x_wconf 90' lang='lat' dir='ltr'>sine</span> <span class='ocrx_word' id='word_1_25' title='bbox 1846 960 2213 1023; x_wconf 89' lang='lat' dir='ltr'>munusculo</span> <span class='ocrx_word' id='word_1_26' title='bbox 2289 961 2547 1046; x_wconf 60' lang='lat' dir='ltr'>poetico</span> 
     </span>
     <span class='ocr_line' id='line_1_5' title="bbox 486 1077 2542 1165; baseline 0 -24"><span class='ocrx_word' id='word_1_27' title='bbox 486 1078 808 1163; x_wconf 85' lang='lat' dir='ltr'>deprecari</span> <span class='ocrx_word' id='word_1_28' title='bbox 857 1080 1105 1164; x_wconf 88' lang='lat' dir='ltr'>culpam</span> <span class='ocrx_word' id='word_1_29' title='bbox 1154 1100 1338 1165; x_wconf 86' lang='lat' dir='ltr'>quam</span> <span class='ocrx_word' id='word_1_30' title='bbox 1393 1078 1673 1142; x_wconf 89' lang='lat' dir='ltr'>commisi</span> <span class='ocrx_word' id='word_1_31' title='bbox 1706 1077 1895 1161; x_wconf 90' lang='lat' dir='ltr'>longa</span> <span class='ocrx_word' id='word_1_32' title='bbox 1927 1077 2047 1140; x_wconf 89' lang='lat' dir='ltr'>ista</span> <span class='ocrx_word' id='word_1_33' title='bbox 2081 1078 2542 1162; x_wconf 73' lang='lat' dir='ltr'>taciturnitate,</span> 
     </span>
     <span class='ocr_line' id='line_1_6' title="bbox 487 1198 2545 1283; baseline 0.001 -25"><span class='ocrx_word' id='word_1_34' title='bbox 487 1198 766 1282; x_wconf 83' lang='lat' dir='ltr'>quamvis</span> <span class='ocrx_word' id='word_1_35' title='bbox 817 1220 936 1263; x_wconf 89' lang='lat' dir='ltr'>non</span> <span class='ocrx_word' id='word_1_36' title='bbox 986 1199 1310 1283; x_wconf 83' lang='lat' dir='ltr'>desperem</span> <span class='ocrx_word' id='word_1_37' title='bbox 1365 1198 1442 1261; x_wconf 90' lang='lat' dir='ltr'>de</span> <span class='ocrx_word' id='word_1_38' title='bbox 1498 1198 1874 1280; x_wconf 81' lang='lat' dir='ltr'>benignitate</span> <span class='ocrx_word' id='word_1_39' title='bbox 1914 1206 2056 1281; x_wconf 76' lang='lat' dir='ltr'>tua,</span> <span class='ocrx_word' id='word_1_40' title='bbox 2096 1198 2147 1259; x_wconf 91' lang='lat' dir='ltr'>si</span> <span class='ocrx_word' id='word_1_41' title='bbox 2184 1198 2545 1261; x_wconf 77' lang='lat' dir='ltr'>consideres</span> 
     </span>
     <span class='ocr_line' id='line_1_7' title="bbox 487 1316 2543 1402; baseline 0 -23"><span class='ocrx_word' id='word_1_42' title='bbox 487 1316 708 1401; x_wconf 90' lang='lat' dir='ltr'>quibus</span> <span class='ocrx_word' id='word_1_43' title='bbox 759 1317 1055 1401; x_wconf 87' lang='lat' dir='ltr'>angustiis</span> <span class='ocrx_word' id='word_1_44' title='bbox 1107 1325 1166 1380; x_wconf 89' lang='lat' dir='ltr'>et</span> <span class='ocrx_word' id='word_1_45' title='bbox 1215 1318 1509 1402; x_wconf 85' lang='lat' dir='ltr'>periculis</span> <span class='ocrx_word' id='word_1_46' title='bbox 1561 1338 1759 1401; x_wconf 88' lang='lat' dir='ltr'>paene</span> <span class='ocrx_word' id='word_1_47' title='bbox 1802 1317 2060 1380; x_wconf 88' lang='lat' dir='ltr'>obrutus</span> <span class='ocrx_word' id='word_1_48' title='bbox 2096 1319 2209 1380; x_wconf 90' lang='lat' dir='ltr'>sim</span> <span class='ocrx_word' id='word_1_49' title='bbox 2240 1318 2378 1401; x_wconf 86' lang='lat' dir='ltr'>jam</span> <span class='ocrx_word' id='word_1_50' title='bbox 2414 1316 2543 1381; x_wconf 89' lang='lat' dir='ltr'>diu.</span> 
     </span>
     <span class='ocr_line' id='line_1_8' title="bbox 486 1434 2547 1522; baseline 0.001 -25"><span class='ocrx_word' id='word_1_51' title='bbox 486 1434 793 1519; x_wconf 87' lang='lat' dir='ltr'>Eclogam</span> <span class='ocrx_word' id='word_1_52' title='bbox 863 1435 1067 1519; x_wconf 80' lang='lat' dir='ltr'>vides,</span> <span class='ocrx_word' id='word_1_53' title='bbox 1149 1457 1269 1522; x_wconf 87' lang='lat' dir='ltr'>qua</span> <span class='ocrx_word' id='word_1_54' title='bbox 1337 1436 1650 1521; x_wconf 76' lang='lat' dir='ltr'>dignitatis</span> <span class='ocrx_word' id='word_1_55' title='bbox 1722 1437 2145 1500; x_wconf 81' lang='lat' dir='ltr'>accessionem</span> <span class='ocrx_word' id='word_1_56' title='bbox 2196 1438 2547 1521; x_wconf 77' lang='lat' dir='ltr'>gratulatus</span> 
     </span>
     <span class='ocr_line' id='line_1_9' title="bbox 488 1554 2556 1641; baseline 0 -23"><span class='ocrx_word' id='word_1_57' title='bbox 488 1575 624 1618; x_wconf 86' lang='lat' dir='ltr'>sum</span> <span class='ocrx_word' id='word_1_58' title='bbox 673 1555 948 1640; x_wconf 90' lang='lat' dir='ltr'>Principi</span> <span class='ocrx_word' id='word_1_59' title='bbox 998 1554 1492 1620; x_wconf 86' lang='lat' dir='ltr'>Paderbornensi</span> <span class='ocrx_word' id='word_1_60' title='bbox 1540 1557 1601 1625; x_wconf 74' lang='lat'>¹).</span> <span class='ocrx_word' id='word_1_61' title='bbox 1702 1554 1863 1618; x_wconf 87' lang='lat' dir='ltr'>Eam</span> <span class='ocrx_word' id='word_1_62' title='bbox 1914 1577 2063 1619; x_wconf 89' lang='lat' dir='ltr'>sane</span> <span class='ocrx_word' id='word_1_63' title='bbox 2118 1566 2259 1621; x_wconf 88' lang='lat' dir='ltr'>ante</span> <span class='ocrx_word' id='word_1_64' title='bbox 2312 1557 2556 1641; x_wconf 79' lang='lat' dir='ltr'>aliquot</span> 
     </span>
     <span class='ocr_line' id='line_1_10' title="bbox 489 1675 2555 1758; baseline 0 -20"><span class='ocrx_word' id='word_1_65' title='bbox 489 1696 736 1739; x_wconf 85' lang='lat' dir='ltr'>menses</span> <span class='ocrx_word' id='word_1_66' title='bbox 786 1675 898 1738; x_wconf 84' lang='lat' dir='ltr'>tibi</span> <span class='ocrx_word' id='word_1_67' title='bbox 948 1675 1401 1739; x_wconf 88' lang='lat' dir='ltr'>discutiendam</span> <span class='ocrx_word' id='word_1_68' title='bbox 1439 1676 1784 1758; x_wconf 81' lang='lat' dir='ltr'>misissem,</span> <span class='ocrx_word' id='word_1_69' title='bbox 1827 1675 1942 1739; x_wconf 89' lang='lat' dir='ltr'>nisi</span> <span class='ocrx_word' id='word_1_70' title='bbox 1989 1676 2196 1739; x_wconf 88' lang='lat' dir='ltr'>omnia</span> <span class='ocrx_word' id='word_1_71' title='bbox 2230 1697 2372 1739; x_wconf 88' lang='lat' dir='ltr'>mea</span> <span class='ocrx_word' id='word_1_72' title='bbox 2406 1697 2555 1740; x_wconf 93' lang='lat' dir='ltr'>con-</span> 
     </span>
     <span class='ocr_line' id='line_1_11' title="bbox 491 1793 2553 1882; baseline 0.001 -25"><span class='ocrx_word' id='word_1_73' title='bbox 491 1794 630 1857; x_wconf 83' lang='lat' dir='ltr'>silia</span> <span class='ocrx_word' id='word_1_74' title='bbox 692 1793 1002 1858; x_wconf 79' lang='lat' dir='ltr'>turbasset</span> <span class='ocrx_word' id='word_1_75' title='bbox 1067 1795 1414 1880; x_wconf 87' lang='lat' dir='ltr'>insperatus</span> <span class='ocrx_word' id='word_1_76' title='bbox 1481 1797 1589 1859; x_wconf 89' lang='lat' dir='ltr'>ille</span> <span class='ocrx_word' id='word_1_77' title='bbox 1660 1802 1844 1882; x_wconf 89' lang='lat' dir='ltr'>atque</span> <span class='ocrx_word' id='word_1_78' title='bbox 1892 1795 2352 1859; x_wconf 85' lang='lat' dir='ltr'>infelicissimus</span> <span class='ocrx_word' id='word_1_79' title='bbox 2404 1818 2553 1859; x_wconf 92' lang='lat' dir='ltr'>con-</span> 
     </span>
    </p>
   </div>
   <div class='ocr_carea' id='block_1_3' title="bbox 490 1912 2548 2579">
    <p class='ocr_par' dir='ltr' id='par_1_3' title="bbox 491 1912 1046 1979">
     <span class='ocr_line' id='line_1_12' title="bbox 491 1912 1046 1979; baseline 0.002 -3"><span class='ocrx_word' id='word_1_80' title='bbox 491 1914 709 1978; x_wconf 87' lang='lat' dir='ltr'>flictus.</span> <span class='ocrx_word' id='word_1_81' title='bbox 808 1912 1046 1979; x_wconf 88' lang='lat' dir='ltr'>Verum</span> 
     </span>
    </p>

    <p class='ocr_par' dir='ltr' id='par_1_4' title="bbox 682 2014 2317 2110">
     <span class='ocr_line' id='line_1_13' title="bbox 682 2014 2317 2110; baseline 0 -21"><span class='ocrx_word' id='word_1_82' title='bbox 682 2024 898 2089; x_wconf 82' lang='lat' dir='ltr'>Gratia</span> <span class='ocrx_word' id='word_1_83' title='bbox 945 2046 1173 2110; x_wconf 88' lang='lat' dir='ltr'>magna</span> <span class='ocrx_word' id='word_1_84' title='bbox 1221 2024 1400 2110; x_wconf 90' lang='lat' dir='ltr'>Deo;</span> <span class='ocrx_word' id='word_1_85' title='bbox 1453 2025 1647 2088; x_wconf 86' lang='lat' dir='ltr'>vetuit</span> <span class='ocrx_word' id='word_1_86' title='bbox 1688 2014 1873 2109; x_wconf 68' lang='lat' dir='ltr'>&#39;pater</span> <span class='ocrx_word' id='word_1_87' title='bbox 1919 2026 2058 2110; x_wconf 89' lang='lat' dir='ltr'>ipse</span> <span class='ocrx_word' id='word_1_88' title='bbox 2113 2025 2317 2089; x_wconf 87' lang='lat' dir='ltr'>valere</span> 
     </span>
    </p>

    <p class='ocr_par' dir='ltr' id='par_1_5' title="bbox 490 2134 2548 2579">
     <span class='ocr_line' id='line_1_14' title="bbox 683 2134 2119 2220; baseline 0 -21"><span class='ocrx_word' id='word_1_89' title='bbox 683 2134 852 2209; x_wconf 86' lang='lat' dir='ltr'>Quas</span> <span class='ocrx_word' id='word_1_90' title='bbox 903 2158 1037 2200; x_wconf 89' lang='lat' dir='ltr'>sors</span> <span class='ocrx_word' id='word_1_91' title='bbox 1087 2136 1340 2200; x_wconf 89' lang='lat' dir='ltr'>insidias</span> <span class='ocrx_word' id='word_1_92' title='bbox 1391 2143 1700 2200; x_wconf 84' lang='lat' dir='ltr'>struxerat</span> <span class='ocrx_word' id='word_1_93' title='bbox 1748 2143 1886 2201; x_wconf 87' lang='lat' dir='ltr'>atra</span> <span class='ocrx_word' id='word_1_94' title='bbox 1934 2137 2119 2220; x_wconf 91' lang='lat' dir='ltr'>mihi,</span> 
     </span>
     <span class='ocr_line' id='line_1_15' title="bbox 490 2255 2545 2343; baseline 0.001 -25"><span class='ocrx_word' id='word_1_95' title='bbox 490 2256 678 2343; x_wconf 87' lang='lat' dir='ltr'>idque</span> <span class='ocrx_word' id='word_1_96' title='bbox 746 2256 1026 2341; x_wconf 88' lang='lat' dir='ltr'>profecto</span> <span class='ocrx_word' id='word_1_97' title='bbox 1093 2257 1271 2319; x_wconf 90' lang='lat' dir='ltr'>unius</span> <span class='ocrx_word' id='word_1_98' title='bbox 1338 2257 1729 2341; x_wconf 86' lang='lat' dir='ltr'>potissimum</span> <span class='ocrx_word' id='word_1_99' title='bbox 1779 2256 2032 2320; x_wconf 89' lang='lat' dir='ltr'>Domini</span> <span class='ocrx_word' id='word_1_100' title='bbox 2083 2255 2161 2320; x_wconf 91' lang='lat' dir='ltr'>de</span> <span class='ocrx_word' id='word_1_101' title='bbox 2212 2256 2458 2321; x_wconf 90' lang='lat' dir='ltr'>Weede</span> <span class='ocrx_word' id='word_1_102' title='bbox 2493 2259 2545 2339; x_wconf 73' lang='grc'>2)</span> 
     </span>
     <span class='ocr_line' id='line_1_16' title="bbox 492 2374 2545 2462; baseline 0.001 -25"><span class='ocrx_word' id='word_1_103' title='bbox 492 2374 794 2439; x_wconf 89' lang='lat' dir='ltr'>industria</span> <span class='ocrx_word' id='word_1_104' title='bbox 863 2383 924 2439; x_wconf 89' lang='lat' dir='ltr'>et</span> <span class='ocrx_word' id='word_1_105' title='bbox 993 2376 1237 2461; x_wconf 85' lang='lat' dir='ltr'>prolixo</span> <span class='ocrx_word' id='word_1_106' title='bbox 1303 2375 1532 2439; x_wconf 85' lang='lat' dir='ltr'>favore.</span> <span class='ocrx_word' id='word_1_107' title='bbox 1636 2374 1770 2460; x_wconf 85' lang='lat' dir='ltr'>Tu,</span> <span class='ocrx_word' id='word_1_108' title='bbox 1832 2377 1916 2439; x_wconf 91' lang='lat' dir='ltr'>mi</span> <span class='ocrx_word' id='word_1_109' title='bbox 1968 2374 2245 2461; x_wconf 81' lang='lat' dir='ltr'>Graevi,</span> <span class='ocrx_word' id='word_1_110' title='bbox 2296 2376 2348 2439; x_wconf 92' lang='lat' dir='ltr'>si</span> <span class='ocrx_word' id='word_1_111' title='bbox 2399 2376 2545 2462; x_wconf 89' lang='lat' dir='ltr'>quid</span> 
     </span>
     <span class='ocr_line' id='line_1_17' title="bbox 493 2493 2548 2579; baseline 0.001 -22"><span class='ocrx_word' id='word_1_112' title='bbox 493 2494 595 2558; x_wconf 94' lang='lat' dir='ltr'>hic</span> <span class='ocrx_word' id='word_1_113' title='bbox 629 2495 1003 2579; x_wconf 82' lang='lat' dir='ltr'>erraverim,</span> <span class='ocrx_word' id='word_1_114' title='bbox 1049 2495 1312 2559; x_wconf 87' lang='lat' dir='ltr'>habebis</span> <span class='ocrx_word' id='word_1_115' title='bbox 1346 2493 1658 2557; x_wconf 90' lang='lat' dir='ltr'>hominem</span> <span class='ocrx_word' id='word_1_116' title='bbox 1697 2494 1793 2557; x_wconf 90' lang='lat' dir='ltr'>cui</span> <span class='ocrx_word' id='word_1_117' title='bbox 1829 2494 1980 2558; x_wconf 90' lang='lat' dir='ltr'>nihil</span> <span class='ocrx_word' id='word_1_118' title='bbox 2014 2494 2548 2559; x_wconf 86' lang='lat' dir='ltr'>animadversione</span> 
     </span>
    </p>
   </div>
   <div class='ocr_carea' id='block_1_4' title="bbox 423 2612 2551 3033">
    <p class='ocr_par' dir='ltr' id='par_1_6' title="bbox 423 2612 2551 3033">
     <span class='ocr_line' id='line_1_18' title="bbox 493 2612 2548 2700; baseline 0 -23"><span class='ocrx_word' id='word_1_119' title='bbox 493 2623 600 2678; x_wconf 85' lang='lat' dir='ltr'>tua</span> <span class='ocrx_word' id='word_1_120' title='bbox 667 2616 981 2700; x_wconf 88' lang='lat' dir='ltr'>acceptius</span> <span class='ocrx_word' id='word_1_121' title='bbox 1053 2636 1190 2679; x_wconf 88' lang='lat' dir='ltr'>esse</span> <span class='ocrx_word' id='word_1_122' title='bbox 1256 2620 1499 2700; x_wconf 81' lang='lat' dir='ltr'>potest3</span> <span class='ocrx_word' id='word_1_123' title='bbox 1571 2614 1621 2676; x_wconf 89' lang='lat' dir='ltr'>si</span> <span class='ocrx_word' id='word_1_124' title='bbox 1672 2612 1817 2699; x_wconf 89' lang='lat' dir='ltr'>quid</span> <span class='ocrx_word' id='word_1_125' title='bbox 1866 2614 2213 2699; x_wconf 84' lang='lat' dir='ltr'>placuerit,</span> <span class='ocrx_word' id='word_1_126' title='bbox 2268 2636 2343 2679; x_wconf 92' lang='lat' dir='ltr'>eo</span> <span class='ocrx_word' id='word_1_127' title='bbox 2394 2616 2548 2678; x_wconf 84' lang='lat' dir='ltr'>mihi</span> 
     </span>
     <span class='ocr_line' id='line_1_19' title="bbox 494 2724 2549 2810; baseline 0 -21"><span class='ocrx_word' id='word_1_128' title='bbox 494 2726 724 2810; x_wconf 87' lang='lat' dir='ltr'>gratior</span> <span class='ocrx_word' id='word_1_129' title='bbox 799 2725 913 2789; x_wconf 90' lang='lat' dir='ltr'>erit</span> <span class='ocrx_word' id='word_1_130' title='bbox 981 2725 1244 2809; x_wconf 86' lang='lat' dir='ltr'>exiguus</span> <span class='ocrx_word' id='word_1_131' title='bbox 1319 2724 1422 2788; x_wconf 91' lang='lat' dir='ltr'>hic</span> <span class='ocrx_word' id='word_1_132' title='bbox 1494 2724 1707 2806; x_wconf 88' lang='lat' dir='ltr'>labor,</span> <span class='ocrx_word' id='word_1_133' title='bbox 1788 2725 1955 2810; x_wconf 87' lang='lat' dir='ltr'>quod</span> <span class='ocrx_word' id='word_1_134' title='bbox 2016 2725 2324 2789; x_wconf 89' lang='lat' dir='ltr'>calculum</span> <span class='ocrx_word' id='word_1_135' title='bbox 2374 2734 2549 2790; x_wconf 90' lang='lat' dir='ltr'>tuum</span> 
     </span>
     <span class='ocr_line' id='line_1_20' title="bbox 423 2832 2551 2922; baseline 0.001 -24"><span class='ocrx_word' id='word_1_136' title='bbox 423 2885 432 2898; x_wconf 80' lang='grc'><em>,</em></span> <span class='ocrx_word' id='word_1_137' title='bbox 496 2836 717 2901; x_wconf 88' lang='lat' dir='ltr'>mereri</span> <span class='ocrx_word' id='word_1_138' title='bbox 767 2836 934 2899; x_wconf 86' lang='lat' dir='ltr'>visus</span> <span class='ocrx_word' id='word_1_139' title='bbox 969 2835 1170 2899; x_wconf 83' lang='lat' dir='ltr'>fuerit.</span> <span class='ocrx_word' id='word_1_140' title='bbox 1269 2833 1469 2918; x_wconf 90' lang='lat' dir='ltr'>Vale,</span> <span class='ocrx_word' id='word_1_141' title='bbox 1516 2832 1630 2897; x_wconf 90' lang='lat' dir='ltr'>Vir</span> <span class='ocrx_word' id='word_1_142' title='bbox 1665 2832 2060 2919; x_wconf 83' lang='lat' dir='ltr'>Clarissime,</span> <span class='ocrx_word' id='word_1_143' title='bbox 2106 2843 2165 2899; x_wconf 90' lang='lat' dir='ltr'>et</span> <span class='ocrx_word' id='word_1_144' title='bbox 2198 2858 2343 2921; x_wconf 90' lang='lat' dir='ltr'>me,</span> <span class='ocrx_word' id='word_1_145' title='bbox 2382 2836 2551 2922; x_wconf 91' lang='lat' dir='ltr'>quod</span> 
     </span>
     <span class='ocr_line' id='line_1_21' title="bbox 495 2945 2539 3033; baseline 0 -22"><span class='ocrx_word' id='word_1_146' title='bbox 495 2948 684 3031; x_wconf 86' lang='lat' dir='ltr'>facis,</span> <span class='ocrx_word' id='word_1_147' title='bbox 737 2969 948 3013; x_wconf 90' lang='lat' dir='ltr'>amare</span> <span class='ocrx_word' id='word_1_148' title='bbox 979 2968 1190 3033; x_wconf 87' lang='lat' dir='ltr'>perge.</span> <span class='ocrx_word' id='word_1_149' title='bbox 1246 2945 1521 3030; x_wconf 86' lang='lat' dir='ltr'>Trajecti</span> <span class='ocrx_word' id='word_1_150' title='bbox 1557 2947 1635 3010; x_wconf 89' lang='lat' dir='ltr'>ad</span> <span class='ocrx_word' id='word_1_151' title='bbox 1667 2945 1929 3032; x_wconf 86' lang='lat' dir='ltr'>Mosam,</span> <span class='ocrx_word' id='word_1_152' title='bbox 1972 2949 2058 3012; x_wconf 84' lang='lat'>29</span> <span class='ocrx_word' id='word_1_153' title='bbox 2093 2946 2303 3016; x_wconf 88' lang='lat' dir='ltr'>Martii</span> <span class='ocrx_word' id='word_1_154' title='bbox 2340 2950 2539 3013; x_wconf 82' lang='lat'>1680.</span> 
     </span>
    </p>
   </div>
   <div class='ocr_carea' id='block_1_5' title="bbox 511 3064 910 3075">
    <p class='ocr_par' dir='ltr' id='par_1_7' title="bbox 511 3064 910 3075">
     <span class='ocr_line' id='line_1_22' title="bbox 511 3064 910 3075; baseline 0 2134"><span class='ocrx_word' id='word_1_155' title='bbox 511 3064 910 3075; x_wconf 95' lang='lat' dir='ltr'> </span> 
     </span>
    </p>
   </div>
   <div class='ocr_carea' id='block_1_6' title="bbox 500 3098 2563 4619">
    <p class='ocr_par' dir='ltr' id='par_1_8' title="bbox 501 3098 2552 3434">
     <span class='ocr_line' id='line_1_23' title="bbox 597 3098 2552 3174; baseline 0.001 -17"><span class='ocrx_word' id='word_1_156' title='bbox 597 3098 636 3174; x_wconf 80' lang='grc' dir='ltr'>ι)</span> <span class='ocrx_word' id='word_1_157' title='bbox 703 3100 959 3159; x_wconf 89' lang='lat' dir='ltr'>Videtur</span> <span class='ocrx_word' id='word_1_158' title='bbox 990 3118 1119 3158; x_wconf 89' lang='lat' dir='ltr'>esse</span> <span class='ocrx_word' id='word_1_159' title='bbox 1145 3118 1414 3158; x_wconf 90' lang='lat' dir='ltr'>carmen:</span> <span class='ocrx_word' id='word_1_160' title='bbox 1467 3099 1798 3158; x_wconf 78' lang='lat' dir='ltr'>Menalcas.</span> <span class='ocrx_word' id='word_1_161' title='bbox 1827 3099 1930 3159; x_wconf 82' lang='lat' dir='ltr'>Ad</span> <span class='ocrx_word' id='word_1_162' title='bbox 1956 3100 2552 3160; x_wconf 82' lang='lat' dir='ltr'>Reverendissimum</span> 
     </span>
     <span class='ocr_line' id='line_1_24' title="bbox 501 3185 2552 3263; baseline -0.001 -18"><span class='ocrx_word' id='word_1_163' title='bbox 501 3186 1031 3263; x_wconf 79' lang='lat' dir='ltr'>Celsissimumque</span> <span class='ocrx_word' id='word_1_164' title='bbox 1058 3186 1403 3261; x_wconf 79' lang='lat' dir='ltr'>Principem</span> <span class='ocrx_word' id='word_1_165' title='bbox 1430 3185 1923 3258; x_wconf 75' lang='lat' dir='ltr'>Ferdinandum,</span> <span class='ocrx_word' id='word_1_166' title='bbox 1991 3186 2552 3246; x_wconf 76' lang='lat' dir='ltr'>Paderbornensem</span> 
     </span>
     <span class='ocr_line' id='line_1_25' title="bbox 501 3268 2549 3347; baseline -0.001 -16"><span class='ocrx_word' id='word_1_167' title='bbox 501 3280 555 3331; x_wconf 84' lang='lat' dir='ltr'>et</span> <span class='ocrx_word' id='word_1_168' title='bbox 602 3273 1145 3332; x_wconf 80' lang='lat' dir='ltr'>Monasteriensem</span> <span class='ocrx_word' id='word_1_169' title='bbox 1193 3272 1593 3347; x_wconf 79' lang='lat' dir='ltr'>Episcopum,</span> <span class='ocrx_word' id='word_1_170' title='bbox 1643 3268 1926 3330; x_wconf 78' lang='lat' dir='ltr'>Comitem</span> <span class='ocrx_word' id='word_1_171' title='bbox 1975 3272 2462 3346; x_wconf 64' lang='lat' dir='ltr'>Pyr-montanum</span> <span class='ocrx_word' id='word_1_172' title='bbox 2496 3278 2549 3329; x_wconf 80' lang='lat' dir='ltr'>et</span> 
     </span>
     <span class='ocr_line' id='line_1_26' title="bbox 502 3356 2546 3434; baseline -0.001 -17"><span class='ocrx_word' id='word_1_173' title='bbox 502 3360 757 3417; x_wconf 78' lang='lat' dir='ltr'>liberum</span> <span class='ocrx_word' id='word_1_174' title='bbox 804 3358 1112 3417; x_wconf 81' lang='lat' dir='ltr'>Baronem</span> <span class='ocrx_word' id='word_1_175' title='bbox 1145 3360 1217 3415; x_wconf 81' lang='lat' dir='ltr'>de</span> <span class='ocrx_word' id='word_1_176' title='bbox 1249 3356 1698 3433; x_wconf 57' lang='lat' dir='ltr'>Farstenbew,</span> <span class='ocrx_word' id='word_1_177' title='bbox 1746 3362 1858 3415; x_wconf 87' lang='lat' dir='ltr'>etc.</span> <span class='ocrx_word' id='word_1_178' title='bbox 1894 3356 2155 3430; x_wconf 59' lang='lat' dir='ltr'>(Poena,</span> <span class='ocrx_word' id='word_1_179' title='bbox 2202 3376 2341 3434; x_wconf 83' lang='lat' dir='ltr'>pag.</span> <span class='ocrx_word' id='word_1_180' title='bbox 2381 3358 2546 3431; x_wconf 83' lang='lat'>187).</span> 
     </span>
    </p>

    <p class='ocr_par' dir='ltr' id='par_1_9' title="bbox 500 3441 2551 3762">
     <span class='ocr_line' id='line_1_27' title="bbox 585 3441 2551 3519; baseline -0.002 -18"><span class='ocrx_word' id='word_1_181' title='bbox 585 3443 1002 3502; x_wconf 85' lang='lat' dir='ltr'>Ferdinandus</span> <span class='ocrx_word' id='word_1_182' title='bbox 1076 3461 1192 3501; x_wconf 87' lang='lat' dir='ltr'>non</span> <span class='ocrx_word' id='word_1_183' title='bbox 1269 3447 1506 3500; x_wconf 87' lang='lat' dir='ltr'>tantum</span> <span class='ocrx_word' id='word_1_184' title='bbox 1580 3441 1692 3500; x_wconf 91' lang='lat' dir='ltr'>fuit</span> <span class='ocrx_word' id='word_1_185' title='bbox 1766 3442 2113 3519; x_wconf 83' lang='lat' dir='ltr'>episcopus,</span> <span class='ocrx_word' id='word_1_186' title='bbox 2194 3443 2299 3500; x_wconf 89' lang='lat' dir='ltr'>sed</span> <span class='ocrx_word' id='word_1_187' title='bbox 2368 3444 2551 3501; x_wconf 88' lang='lat' dir='ltr'>etiam</span> 
     </span>
     <span class='ocr_line' id='line_1_28' title="bbox 502 3526 2549 3606; baseline -0.001 -18"><span class='ocrx_word' id='word_1_188' title='bbox 502 3530 865 3589; x_wconf 87' lang='lat' dir='ltr'>camerarius</span> <span class='ocrx_word' id='word_1_189' title='bbox 909 3547 1104 3606; x_wconf 87' lang='lat' dir='ltr'>papae</span> <span class='ocrx_word' id='word_1_190' title='bbox 1151 3534 1211 3587; x_wconf 90' lang='lat' dir='ltr'>et</span> <span class='ocrx_word' id='word_1_191' title='bbox 1256 3526 1517 3585; x_wconf 90' lang='lat' dir='ltr'>vicarius</span> <span class='ocrx_word' id='word_1_192' title='bbox 1562 3526 1625 3585; x_wconf 90' lang='lat' dir='ltr'>in</span> <span class='ocrx_word' id='word_1_193' title='bbox 1668 3526 2018 3603; x_wconf 87' lang='lat' dir='ltr'>regionibus</span> <span class='ocrx_word' id='word_1_194' title='bbox 2056 3528 2549 3604; x_wconf 87' lang='lat' dir='ltr'>septentrionali-</span> 
     </span>
     <span class='ocr_line' id='line_1_29' title="bbox 501 3613 2549 3691; baseline -0.002 -16"><span class='ocrx_word' id='word_1_195' title='bbox 501 3618 614 3675; x_wconf 93' lang='lat' dir='ltr'>bus</span> <span class='ocrx_word' id='word_1_196' title='bbox 676 3616 1058 3673; x_wconf 85' lang='lat' dir='ltr'>renuntiatus</span> <span class='ocrx_word' id='word_1_197' title='bbox 1118 3618 1226 3671; x_wconf 89' lang='lat' dir='ltr'>est.</span> <span class='ocrx_word' id='word_1_198' title='bbox 1316 3613 1599 3671; x_wconf 83' lang='lat' dir='ltr'>Fortasse</span> <span class='ocrx_word' id='word_1_199' title='bbox 1643 3613 1710 3669; x_wconf 93' lang='lat' dir='ltr'>B.</span> <span class='ocrx_word' id='word_1_200' title='bbox 1758 3613 1872 3669; x_wconf 89' lang='lat' dir='ltr'>hoc</span> <span class='ocrx_word' id='word_1_201' title='bbox 1916 3630 2074 3671; x_wconf 86' lang='lat' dir='ltr'>novo</span> <span class='ocrx_word' id='word_1_202' title='bbox 2120 3632 2370 3672; x_wconf 89' lang='lat' dir='ltr'>munere</span> <span class='ocrx_word' id='word_1_203' title='bbox 2414 3633 2549 3691; x_wconf 88' lang='lat' dir='ltr'>gra-</span> 
     </span>
     <span class='ocr_line' id='line_1_30' title="bbox 500 3701 749 3762; baseline -0.02 0"><span class='ocrx_word' id='word_1_204' title='bbox 500 3701 749 3762; x_wconf 87' lang='lat' dir='ltr'>tulatur.</span> 
     </span>
    </p>

    <p class='ocr_par' dir='ltr' id='par_1_10' title="bbox 501 3781 2563 4619">
     <span class='ocr_line' id='line_1_31' title="bbox 591 3781 2555 3861; baseline -0.001 -18"><span class='ocrx_word' id='word_1_205' title='bbox 591 3784 642 3861; x_wconf 82' lang='lat'>²)</span> <span class='ocrx_word' id='word_1_206' title='bbox 730 3784 1032 3843; x_wconf 89' lang='lat' dir='ltr'>Henricus</span> <span class='ocrx_word' id='word_1_207' title='bbox 1097 3802 1134 3841; x_wconf 87' lang='lat' dir='ltr'>a</span> <span class='ocrx_word' id='word_1_208' title='bbox 1201 3781 1432 3840; x_wconf 90' lang='lat' dir='ltr'>Weede</span> <span class='ocrx_word' id='word_1_209' title='bbox 1502 3782 1597 3839; x_wconf 89' lang='lat' dir='ltr'>hic</span> <span class='ocrx_word' id='word_1_210' title='bbox 1652 3783 1903 3840; x_wconf 84' lang='lat' dir='ltr'>fortasse</span> <span class='ocrx_word' id='word_1_211' title='bbox 1949 3781 2317 3859; x_wconf 88' lang='lat' dir='ltr'>designatur.</span> <span class='ocrx_word' id='word_1_212' title='bbox 2408 3784 2555 3842; x_wconf 85' lang='lat' dir='ltr'>Erat</span> 
     </span>
     <span class='ocr_line' id='line_1_32' title="bbox 501 3869 2551 3953; baseline -0.001 -23"><span class='ocrx_word' id='word_1_213' title='bbox 501 3872 846 3953; x_wconf 85' lang='lat' dir='ltr'>praefectus</span> <span class='ocrx_word' id='word_1_214' title='bbox 913 3870 1168 3928; x_wconf 90' lang='lat' dir='ltr'>militum</span> <span class='ocrx_word' id='word_1_215' title='bbox 1239 3871 1443 3944; x_wconf 90' lang='lat' dir='ltr'>(quem</span> <span class='ocrx_word' id='word_1_216' title='bbox 1498 3869 2069 3926; x_wconf 76' lang='lat' dir='ltr'>luitenant-kolonel</span> <span class='ocrx_word' id='word_1_217' title='bbox 2112 3870 2358 3941; x_wconf 86' lang='lat' dir='ltr'>vocant)</span> <span class='ocrx_word' id='word_1_218' title='bbox 2407 3870 2551 3928; x_wconf 88' lang='lat' dir='ltr'>satis</span> 
     </span>
     <span class='ocr_line' id='line_1_33' title="bbox 502 3953 2551 4033; baseline -0.002 -16"><span class='ocrx_word' id='word_1_219' title='bbox 502 3965 698 4017; x_wconf 80' lang='lat' dir='ltr'>notus,</span> <span class='ocrx_word' id='word_1_220' title='bbox 788 3958 860 4014; x_wconf 89' lang='lat' dir='ltr'>In</span> <span class='ocrx_word' id='word_1_221' title='bbox 906 3974 1114 4033; x_wconf 89' lang='lat' dir='ltr'>pugna</span> <span class='ocrx_word' id='word_1_222' title='bbox 1159 3954 1316 4031; x_wconf 89' lang='lat' dir='ltr'>apud</span> <span class='ocrx_word' id='word_1_223' title='bbox 1365 3954 1556 4011; x_wconf 79' lang='lat' dir='ltr'>Senes</span> <span class='ocrx_word' id='word_1_224' title='bbox 1594 3954 1711 4028; x_wconf 85' lang='lat' dir='ltr'>(XI</span> <span class='ocrx_word' id='word_1_225' title='bbox 1755 3953 1911 4029; x_wconf 88' lang='lat' dir='ltr'>Aug.</span> <span class='ocrx_word' id='word_1_226' title='bbox 1967 3956 2152 4027; x_wconf 80' lang='lat'>1674)</span> <span class='ocrx_word' id='word_1_227' title='bbox 2194 3954 2309 4012; x_wconf 80' lang='lat' dir='ltr'>fuit</span> <span class='ocrx_word' id='word_1_228' title='bbox 2340 3955 2551 4013; x_wconf 86' lang='lat' dir='ltr'>vulne·</span> 
     </span>
     <span class='ocr_line' id='line_1_34' title="bbox 503 4038 2551 4121; baseline -0.002 -18"><span class='ocrx_word' id='word_1_229' title='bbox 503 4049 704 4119; x_wconf 82' lang='lat' dir='ltr'>ratus3</span> <span class='ocrx_word' id='word_1_230' title='bbox 750 4046 963 4121; x_wconf 83' lang='lat' dir='ltr'>postea</span> <span class='ocrx_word' id='word_1_231' title='bbox 1005 4040 1267 4119; x_wconf 85' lang='lat' dir='ltr'>praefuit</span> <span class='ocrx_word' id='word_1_232' title='bbox 1311 4040 1638 4107; x_wconf 84' lang='lat' dir='ltr'>militibus,</span> <span class='ocrx_word' id='word_1_233' title='bbox 1686 4038 1788 4114; x_wconf 92' lang='lat' dir='ltr'>qui</span> <span class='ocrx_word' id='word_1_234' title='bbox 1836 4038 2097 4097; x_wconf 87' lang='lat' dir='ltr'>Traiecti</span> <span class='ocrx_word' id='word_1_235' title='bbox 2142 4040 2204 4097; x_wconf 87' lang='lat' dir='ltr'>in</span> <span class='ocrx_word' id='word_1_236' title='bbox 2251 4040 2551 4117; x_wconf 88' lang='lat' dir='ltr'>praesidio</span> 
     </span>
     <span class='ocr_line' id='line_1_35' title="bbox 505 4124 2551 4202; baseline -0.002 -13"><span class='ocrx_word' id='word_1_237' title='bbox 505 4134 678 4189; x_wconf 81' lang='lat' dir='ltr'>erant</span> <span class='ocrx_word' id='word_1_238' title='bbox 747 4128 1062 4202; x_wconf 84' lang='lat' dir='ltr'>collocati3</span> <span class='ocrx_word' id='word_1_239' title='bbox 1130 4126 1281 4185; x_wconf 90' lang='lat' dir='ltr'>obiit</span> <span class='ocrx_word' id='word_1_240' title='bbox 1349 4144 1405 4183; x_wconf 86' lang='lat' dir='ltr'>a.</span> <span class='ocrx_word' id='word_1_241' title='bbox 1459 4127 1639 4183; x_wconf 82' lang='lat'>1700.</span> <span class='ocrx_word' id='word_1_242' title='bbox 1730 4125 1800 4181; x_wconf 90' lang='lat' dir='ltr'>In</span> <span class='ocrx_word' id='word_1_243' title='bbox 1856 4124 1985 4181; x_wconf 89' lang='lat' dir='ltr'>eius</span> <span class='ocrx_word' id='word_1_244' title='bbox 2028 4125 2271 4201; x_wconf 86' lang='lat' dir='ltr'>legione</span> <span class='ocrx_word' id='word_1_245' title='bbox 2317 4126 2551 4184; x_wconf 87' lang='lat' dir='ltr'>Brouk·</span> 
     </span>
     <span class='ocr_line' id='line_1_36' title="bbox 503 4209 2563 4291; baseline -0.002 -16"><span class='ocrx_word' id='word_1_246' title='bbox 503 4215 712 4276; x_wconf 86' lang='lat' dir='ltr'>husius</span> <span class='ocrx_word' id='word_1_247' title='bbox 764 4213 1070 4291; x_wconf 88' lang='lat' dir='ltr'>stipendia</span> <span class='ocrx_word' id='word_1_248' title='bbox 1111 4211 1347 4270; x_wconf 84' lang='lat' dir='ltr'>meruit.</span> <span class='ocrx_word' id='word_1_249' title='bbox 1441 4211 1557 4269; x_wconf 83' lang='lat' dir='ltr'>Sed</span> <span class='ocrx_word' id='word_1_250' title='bbox 1605 4209 1785 4268; x_wconf 85' lang='lat' dir='ltr'>etiam</span> <span class='ocrx_word' id='word_1_251' title='bbox 1832 4228 2024 4267; x_wconf 90' lang='lat' dir='ltr'>sermo</span> <span class='ocrx_word' id='word_1_252' title='bbox 2074 4228 2201 4268; x_wconf 87' lang='lat' dir='ltr'>esse</span> <span class='ocrx_word' id='word_1_253' title='bbox 2246 4217 2445 4286; x_wconf 87' lang='lat' dir='ltr'>potest</span> <span class='ocrx_word' id='word_1_254' title='bbox 2477 4212 2563 4269; x_wconf 76' lang='lat' dir='ltr'>dc</span> 
     </span>
     <span class='ocr_line' id='line_1_37' title="bbox 503 4295 2548 4372; baseline -0.002 -13"><span class='ocrx_word' id='word_1_255' title='bbox 503 4300 810 4360; x_wconf 83' lang='lat' dir='ltr'>Everardo</span> <span class='ocrx_word' id='word_1_256' title='bbox 879 4318 916 4357; x_wconf 87' lang='lat' dir='ltr'>a</span> <span class='ocrx_word' id='word_1_257' title='bbox 981 4298 1242 4372; x_wconf 89' lang='lat' dir='ltr'>Weede,</span> <span class='ocrx_word' id='word_1_258' title='bbox 1313 4297 1554 4354; x_wconf 90' lang='lat' dir='ltr'>domino</span> <span class='ocrx_word' id='word_1_259' title='bbox 1623 4314 1659 4352; x_wconf 90' lang='lat' dir='ltr'>a</span> <span class='ocrx_word' id='word_1_260' title='bbox 1730 4295 1989 4369; x_wconf 89' lang='lat' dir='ltr'>Weede,</span> <span class='ocrx_word' id='word_1_261' title='bbox 2035 4295 2346 4371; x_wconf 82' lang='lat' dir='ltr'>Dykveld,</span> <span class='ocrx_word' id='word_1_262' title='bbox 2396 4303 2548 4355; x_wconf 88' lang='lat' dir='ltr'>caet.</span> 
     </span>
     <span class='ocr_line' id='line_1_38' title="bbox 507 4381 2552 4464; baseline -0.002 -19"><span class='ocrx_word' id='word_1_263' title='bbox 507 4388 1016 4464; x_wconf 80' lang='lat'>(1626-1702),</span> <span class='ocrx_word' id='word_1_264' title='bbox 1083 4383 1517 4456; x_wconf 88' lang='lat' dir='ltr'>Ultraiectino,</span> <span class='ocrx_word' id='word_1_265' title='bbox 1592 4382 1721 4438; x_wconf 85' lang='lat' dir='ltr'>viro</span> <span class='ocrx_word' id='word_1_266' title='bbox 1788 4381 2202 4457; x_wconf 83' lang='lat' dir='ltr'>reipublicae</span> <span class='ocrx_word' id='word_1_267' title='bbox 2247 4382 2552 4457; x_wconf 87' lang='lat' dir='ltr'>gerendae</span> 
     </span>
     <span class='ocr_line' id='line_1_39' title="bbox 505 4466 2554 4553; baseline -0.002 -21"><span class='ocrx_word' id='word_1_268' title='bbox 505 4471 910 4553; x_wconf 71' lang='lat' dir='ltr'>peritissime,</span> <span class='ocrx_word' id='word_1_269' title='bbox 949 4472 1053 4550; x_wconf 91' lang='lat' dir='ltr'>qui</span> <span class='ocrx_word' id='word_1_270' title='bbox 1097 4470 1354 4548; x_wconf 85' lang='lat' dir='ltr'>saepius,</span> <span class='ocrx_word' id='word_1_271' title='bbox 1399 4466 1670 4547; x_wconf 91' lang='lat' dir='ltr'>inprimis</span> <span class='ocrx_word' id='word_1_272' title='bbox 1714 4466 1775 4523; x_wconf 89' lang='lat' dir='ltr'>in</span> <span class='ocrx_word' id='word_1_273' title='bbox 1821 4466 2061 4544; x_wconf 81' lang='lat' dir='ltr'>Anglia,</span> <span class='ocrx_word' id='word_1_274' title='bbox 2087 4485 2336 4526; x_wconf 88' lang='lat' dir='ltr'>munere</span> <span class='ocrx_word' id='word_1_275' title='bbox 2362 4468 2554 4547; x_wconf 87' lang='lat' dir='ltr'>legati</span> 
     </span>
     <span class='ocr_line' id='line_1_40' title="bbox 506 4561 904 4619; baseline -0.01 0"><span class='ocrx_word' id='word_1_276' title='bbox 506 4561 750 4619; x_wconf 85' lang='lat' dir='ltr'>functus</span> <span class='ocrx_word' id='word_1_277' title='bbox 797 4562 904 4618; x_wconf 82' lang='lat' dir='ltr'>est.</span> 
     </span>
    </p>
   </div>
  </div>
 </body>
</html>
