2975 5209
3 15 143 94 Γ,-

1332 484 1455 549 121

363 700 493 743 vox
564 684 657 744 est
727 678 914 764 plane
986 678 1256 743 insolens
1333 680 1503 766 apud
1552 686 1779 765 poetas
1830 689 2105 745 nostros:
2161 689 2221 746 et
2267 680 2423 746 Pro-

360 798 552 884 pertii
623 819 797 862 mens
869 804 1002 882 est,
1083 798 1364 883 antiquas
1445 799 1596 862 istas
1645 800 1925 885 puellas,
1979 821 2093 885 pro
2144 801 2281 865 aevi
2329 800 2425 863 sui

362 916 801 1003 simplicitate,
871 917 1103 979 nullam
1167 918 1770 982 commendationem
1822 918 2199 1005 quaesivisse
2246 917 2426 982 faciei

362 1056 524 1100 suae
571 1057 610 1100 a
656 1035 988 1121 splendore
1036 1057 1428 1120 gemmarum
1475 1037 1535 1118 ¹).
1618 1035 1804 1108 Quod
1854 1057 2037 1122 quam
2078 1037 2155 1099 sit
2188 1057 2419 1120 verum,

365 1154 608 1240 optime
681 1154 970 1218 decidere
1051 1161 1312 1239 possunt
1385 1175 1545 1240 quae
1614 1154 1800 1220 hodie
1880 1156 2089 1219 vivunt
2154 1156 2419 1240 puellae.

363 1273 542 1338 Ecce
591 1273 940 1358 elegantem
988 1273 1334 1337 formarum
1383 1280 1798 1360 spectatorem
1849 1273 2179 1339 Horatium
2210 1276 2289 1357 2):

601 1392 735 1458 Nec
783 1392 952 1458 Coae
1002 1394 1272 1458 referunt
1312 1394 1448 1478 jam
1497 1394 1610 1457 tibi
1656 1415 2007 1480 purpurae,
2072 1463 2077 1468 ,

601 1510 735 1575 Nec
785 1513 952 1575 clari
1001 1512 1248 1595 lapides
1298 1517 1616 1598 tempora,
1672 1534 1829 1598 quae
1878 1514 2075 1577 semel

824 1629 1004 1696 Notis
1053 1629 1300 1695 condita
1345 1628 1553 1693 Fastis

917 1749 1172 1813 Inclusit
1218 1750 1491 1814 volucris
1540 1749 1692 1814 dies.

362 1868 562 1932 Paria
621 1875 762 1933 sunt
822 1870 881 1932 in
945 1869 1327 1955 Claudiam,
1407 1891 1565 1956 quae
1648 1891 1806 1933 nunc
1879 1869 2234 1933 adscribere
2306 1889 2427 1932 non

363 1995 555 2052 vacat
615 2009 768 2074 prae
832 1987 1243 2053 festinatione.
1343 1988 1443 2054 De
1516 1987 1741 2052 Critico
1792 1987 2177 2052 Dictionario
2228 1986 2431 2050 Baelii

364 2106 535 2171 scire
600 2106 888 2172 desidero
952 2098 1102 2191 quid
1169 2128 1426 2194 sperare
1495 2107 1853 2188 debeamus.
1955 2104 2217 2168 Multum
2277 2103 2424 2188 tibi,

364 2227 609 2311 amice,
661 2227 904 2312 tuisque
951 2225 1458 2292 Amoenitatibus
1492 2230 1539 2312 3)
1590 2225 1777 2291 debet
1826 2225 2041 2289 civitas
2078 2222 2423 2308 Goudaua,

367 2347 604 2411 vellem
673 2353 734 2410 et-
799 2345 1226 2432 adgnosceret.
1323 2343 1527 2430 Vale,
1599 2344 1714 2408 Vir
1766 2343 2166 2421 Christ-xime,
2219 2353 2281 2408 et
2328 2364 2429 2408 me

369 2485 588 2530 amare
634 2485 848 2551 perge.

471 2581 946 2648 Amstelodami.
1002 2584 1081 2647 21
1140 2582 1363 2648 Martii.
1425 2587 1623 2648 1694.

1428 2753 1606 2770 WMM

1347 2858 1452 2920 97.

1021 3013 1211 3078 loanni
1258 3013 1505 3096 Geor-uio
1551 3013 1793 3078 Graevio

1089 3125 1261 3189 lanus
1308 3124 1708 3189 Broukhusius.

482 3261 639 3327 Cum
669 3263 896 3328 Bomio
927 3265 977 3348 4)
1019 3264 1146 3350 egit
1179 3264 1257 3328 de
1290 3263 1458 3328 Julio
1496 3261 1714 3348 Cels03
1753 3261 1858 3325 ille
1899 3260 2096 3323 mittet
2130 3259 2427 3345 quidquid

385 3381 754 3466 scriptorum
822 3379 1032 3446 Vossii
1096 3382 1371 3469 prodibit
1433 3389 1495 3446 et
1543 3381 1660 3444 tria
1709 3380 1874 3445 Celsi
1928 3377 2310 3463 exemplaria
2356 3377 2426 3458 ³).

488 3543 549 3620 ¹).
637 3544 893 3603 Videtur
958 3544 1412 3602 Almelovenius
1479 3543 1602 3620 legi
1668 3541 1933 3599 voluisse
2001 3539 2258 3615 yummis
2323 3553 2431 3613 pro

385 3632 635 3709 gemmis
677 3630 740 3688 in
785 3630 1114 3707 Propertii,
1158 3630 1222 3704 Ι,
1273 3632 1337 3703 2,
1381 3647 1465 3686 vs.
1517 3631 1626 3685 21:

469 3716 637 3790 ·„Sed
681 3715 869 3774 facies
915 3715 1125 3775 aderat
1169 3715 1350 3772 nullis
1394 3713 1661 3772 obnoxia
1704 3711 2010 3788 gemmi8.”

481 3802 524 3873 2)
615 3801 810 3860 Carm.
858 3801 979 3873 IV,
1029 3803 1141 3874 13,
1186 3819 1270 3856 ve.
1326 3801 1419 3855 13.

485 3882 534 3958 ³)
619 3886 692 3944 A.
747 3887 906 3943 1694
953 3884 1406 3943 Almelovenius
1454 3882 1643 3940 edidit
1685 3879 2185 3940 Amstelaedami:
2219 3879 2438 3937 Amoe-

388 3967 617 4031 nita'tes
693 3971 1521 4046 Theoloyico-Philoloyicae.
1612 3967 1709 4024 Illi
1774 3967 1927 4024 libro
1988 3966 2261 4024 subiecta
2304 3970 2444 4021 sunt

392 4057 869 4133 Epiyrammata
936 4062 990 4113 et
1058 4057 1348 4114 Poemata
1417 4061 1685 4112 veterum
1739 4053 1839 4127 (cf.
1889 4050 2089 4127 Epist.
2137 4048 2442 4122 LXVIII,

390 4141 726 4215 LXXVII,
772 4141 1146 4213 LXXVIII).

487 4227 536 4299 ⁴)
625 4226 871 4284 Bomius
918 4232 1047 4284 erat
1097 4223 1426 4301 bibliopola
1469 4221 2101 4280 Amstelaedamensis.
2150 4219 2165 4230 '

483 4314 528 4385 ⁵)
618 4311 825 4370 Sermo
873 4329 1002 4370 esse
1047 4310 1301 4384 videtur.
1332 4308 1406 4366 de
1453 4308 1884 4365 commentario
1940 4305 2218 4382 Dionysii
2247 4303 2446 4362 Vossii

389 4400 458 4458 in
530 4397 871 4456 Caesarem.
964 4397 1143 4454 Anno
1217 4396 1375 4453 1697
1445 4392 1666 4471 prodiit
1733 4411 1876 4451 cura
1926 4390 2198 4450 Graevii:
2260 4387 2447 4447 Caius

391 4483 603 4543 Iulius
651 4483 913 4556 Caesar,
973 4500 1104 4539 cum
1151 4480 1600 4540 commentariis
1647 4479 1940 4554 Dionysii
1997 4476 2227 4550 Vossii,
2279 4475 2350 4531 G.
2392 4473 2444 4530 I.
