<?xml version="1.0" encoding="UTF-8"?>
<!DOCTYPE html PUBLIC "-//W3C//DTD XHTML 1.0 Transitional//EN"
    "http://www.w3.org/TR/xhtml1/DTD/xhtml1-transitional.dtd">
<html xmlns="http://www.w3.org/1999/xhtml" xml:lang="en" lang="en">
 <head>
  <title>
</title>
<meta http-equiv="Content-Type" content="text/html;charset=utf-8" />
  <meta name='ocr-system' content='tesseract 3.04.00' />
  <meta name='ocr-capabilities' content='ocr_page ocr_carea ocr_par ocr_line ocrx_word'/>
</head>
<body>
  <div class='ocr_page' id='page_1' title='image "./epistolaeselect00worpgoog_0059.png"; bbox 0 0 2975 5209; ppageno 0'>
   <div class='ocr_carea' id='block_1_1' title="bbox 1120 471 1658 953">
    <p class='ocr_par' dir='ltr' id='par_1_1' title="bbox 1120 471 1658 953">
     <span class='ocr_line' id='line_1_1' title="bbox 1336 471 1533 537; baseline -0.01 0"><span class='ocrx_word' id='word_1_1' title='bbox 1336 471 1422 537; x_wconf 83' lang='lat'><strong>45</strong></span> <span class='ocrx_word' id='word_1_2' title='bbox 1526 493 1533 499; x_wconf 93' lang='lat'><strong>·</strong></span> 
     </span>
     <span class='ocr_line' id='line_1_2' title="bbox 1284 671 1476 752; baseline -0.01 -19"><span class='ocrx_word' id='word_1_3' title='bbox 1284 671 1370 733; x_wconf 86' lang='lat'><strong>35</strong></span> <span class='ocrx_word' id='word_1_4' title='bbox 1417 671 1476 752; x_wconf 89' lang='grc'><strong>1).</strong></span> 
     </span>
     <span class='ocr_line' id='line_1_3' title="bbox 1120 836 1658 953; baseline -0.002 0"><span class='ocrx_word' id='word_1_5' title='bbox 1120 836 1257 953; x_wconf 53' lang='lat' dir='ltr'><strong>sani&gt;</strong></span> <span class='ocrx_word' id='word_1_6' title='bbox 1305 858 1658 953; x_wconf 70' lang='lat' dir='ltr'><strong>Broukhusio</strong></span> 
     </span>
    </p>
   </div>
   <div class='ocr_carea' id='block_1_2' title="bbox 1157 998 1619 1063">
    <p class='ocr_par' dir='ltr' id='par_1_2' title="bbox 1157 998 1619 1063">
     <span class='ocr_line' id='line_1_4' title="bbox 1157 998 1619 1063; baseline 0 0"><span class='ocrx_word' id='word_1_7' title='bbox 1157 999 1219 1063; x_wconf 79' lang='lat' dir='ltr'><strong>G.</strong></span> <span class='ocrx_word' id='word_1_8' title='bbox 1264 998 1619 1063; x_wconf 79' lang='lat' dir='ltr'><strong>Thomasius.</strong></span> 
     </span>
    </p>
   </div>
   <div class='ocr_carea' id='block_1_3' title="bbox 458 1161 2399 1251">
    <p class='ocr_par' dir='ltr' id='par_1_3' title="bbox 458 1161 2399 1251">
     <span class='ocr_line' id='line_1_5' title="bbox 458 1161 2399 1251; baseline -0.004 -18"><span class='ocrx_word' id='word_1_9' title='bbox 458 1169 720 1251; x_wconf 87' lang='lat' dir='ltr'><strong>„Habes</strong></span> <span class='ocrx_word' id='word_1_10' title='bbox 788 1166 890 1231; x_wconf 88' lang='lat' dir='ltr'><strong>hic</strong></span> <span class='ocrx_word' id='word_1_11' title='bbox 958 1165 1300 1250; x_wconf 87' lang='lat' dir='ltr'><strong>descriptas</strong></span> <span class='ocrx_word' id='word_1_12' title='bbox 1369 1162 1604 1227; x_wconf 89' lang='lat' dir='ltr'><strong>dudum</strong></span> <span class='ocrx_word' id='word_1_13' title='bbox 1672 1161 1791 1226; x_wconf 87' lang='lat' dir='ltr'><strong>Tui</strong></span> <span class='ocrx_word' id='word_1_14' title='bbox 1856 1162 1915 1225; x_wconf 89' lang='lat' dir='ltr'><strong>in</strong></span> <span class='ocrx_word' id='word_1_15' title='bbox 1983 1162 2248 1247; x_wconf 77' lang='lat' dir='ltr'><strong>gratiam</strong></span> <span class='ocrx_word' id='word_1_16' title='bbox 2317 1161 2399 1226; x_wconf 91' lang='lat' dir='ltr'><strong>Is.</strong></span> 
     </span>
    </p>
   </div>
   <div class='ocr_carea' id='block_1_4' title="bbox 359 1272 2177 1492">
    <p class='ocr_par' dir='ltr' id='par_1_4' title="bbox 359 1272 2177 1492">
     <span class='ocr_line' id='line_1_6' title="bbox 359 1272 2177 1369; baseline -0.003 -19"><span class='ocrx_word' id='word_1_17' title='bbox 359 1286 547 1353; x_wconf 92' lang='lat' dir='ltr'><strong>Vossi</strong></span> <span class='ocrx_word' id='word_1_18' title='bbox 596 1287 675 1351; x_wconf 88' lang='lat' dir='ltr'><strong>ad</strong></span> <span class='ocrx_word' id='word_1_19' title='bbox 725 1272 1097 1351; x_wconf 83' lang='lat' dir='ltr'><strong>Christinam</strong></span> <span class='ocrx_word' id='word_1_20' title='bbox 1147 1283 1499 1369; x_wconf 82' lang='lat' dir='ltr'><strong>Augustam</strong></span> <span class='ocrx_word' id='word_1_21' title='bbox 1549 1282 1801 1347; x_wconf 86' lang='lat' dir='ltr'><strong>literas”</strong></span> <span class='ocrx_word' id='word_1_22' title='bbox 1842 1284 1910 1363; x_wconf 87' lang='lat'><strong>²).</strong></span> <span class='ocrx_word' id='word_1_23' title='bbox 1951 1332 1964 1345; x_wconf 93' lang='lat'><strong>.</strong></span> <span class='ocrx_word' id='word_1_24' title='bbox 2023 1332 2035 1345; x_wconf 92' lang='lat'><strong>.</strong></span> <span class='ocrx_word' id='word_1_25' title='bbox 2094 1332 2107 1345; x_wconf 93' lang='lat'><strong>.</strong></span> <span class='ocrx_word' id='word_1_26' title='bbox 2164 1332 2177 1345; x_wconf 93' lang='lat'><strong>.</strong></span> 
     </span>
     <span class='ocr_line' id='line_1_7' title="bbox 454 1398 2077 1492; baseline -0.004 -21"><span class='ocrx_word' id='word_1_27' title='bbox 454 1408 627 1492; x_wconf 84' lang='lat' dir='ltr'><strong>Traj.</strong></span> <span class='ocrx_word' id='word_1_28' title='bbox 687 1408 982 1471; x_wconf 87' lang='lat' dir='ltr'><strong>Batavor.</strong></span> <span class='ocrx_word' id='word_1_29' title='bbox 1036 1403 1246 1468; x_wconf 83' lang='lat' dir='ltr'><strong>XHX.</strong></span> <span class='ocrx_word' id='word_1_30' title='bbox 1305 1402 1444 1467; x_wconf 84' lang='lat' dir='ltr'><strong>Jan.</strong></span> <span class='ocrx_word' id='word_1_31' title='bbox 1503 1398 2077 1467; x_wconf 79' lang='lat' dir='ltr'><strong>OIOIOOXXOVI.</strong></span> 
     </span>
    </p>
   </div>
   <div class='ocr_carea' id='block_1_5' title="bbox 1183 1592 1567 1609">
    <p class='ocr_par' dir='ltr' id='par_1_5' title="bbox 1183 1592 1567 1609">
     <span class='ocr_line' id='line_1_8' title="bbox 1183 1592 1567 1609; baseline -0.003 -1"><span class='ocrx_word' id='word_1_32' title='bbox 1183 1592 1567 1609; x_wconf 40' lang='lat' dir='ltr'><strong>Mtwoeuvoeoefsssm</strong></span> 
     </span>
    </p>
   </div>
   <div class='ocr_carea' id='block_1_6' title="bbox 1329 1730 1435 1792">
    <p class='ocr_par' dir='ltr' id='par_1_6' title="bbox 1329 1730 1435 1792">
     <span class='ocr_line' id='line_1_9' title="bbox 1329 1730 1435 1792; baseline -0.009 0"><span class='ocrx_word' id='word_1_33' title='bbox 1329 1730 1435 1792; x_wconf 83' lang='lat'><strong>36.</strong></span> 
     </span>
    </p>
   </div>
   <div class='ocr_carea' id='block_1_7' title="bbox 1003 1918 1781 2094">
    <p class='ocr_par' dir='ltr' id='par_1_7' title="bbox 1003 1918 1781 2094">
     <span class='ocr_line' id='line_1_10' title="bbox 1003 1918 1781 2002; baseline -0.003 -19"><span class='ocrx_word' id='word_1_34' title='bbox 1003 1920 1195 1983; x_wconf 78' lang='lat' dir='ltr'><strong>loanni</strong></span> <span class='ocrx_word' id='word_1_35' title='bbox 1243 1918 1489 2002; x_wconf 73' lang='lat' dir='ltr'><strong>Georqio</strong></span> <span class='ocrx_word' id='word_1_36' title='bbox 1537 1918 1781 1983; x_wconf 79' lang='lat' dir='ltr'><strong>Graevio</strong></span> 
     </span>
     <span class='ocr_line' id='line_1_11' title="bbox 1079 2029 1697 2094; baseline -0.002 0"><span class='ocrx_word' id='word_1_37' title='bbox 1079 2031 1250 2094; x_wconf 81' lang='lat' dir='ltr'><strong>lanus</strong></span> <span class='ocrx_word' id='word_1_38' title='bbox 1293 2029 1697 2094; x_wconf 72' lang='lat' dir='ltr'><strong>Broukhusiua</strong></span> 
     </span>
    </p>
   </div>
   <div class='ocr_carea' id='block_1_8' title="bbox 455 2222 2119 2427">
    <p class='ocr_par' dir='ltr' id='par_1_8' title="bbox 455 2222 2119 2427">
     <span class='ocr_line' id='line_1_12' title="bbox 458 2222 2119 2310; baseline -0.001 -24"><span class='ocrx_word' id='word_1_39' title='bbox 458 2222 708 2287; x_wconf 83' lang='lat' dir='ltr'>Gratias</span> <span class='ocrx_word' id='word_1_40' title='bbox 759 2223 887 2306; x_wconf 87' lang='lat' dir='ltr'><strong>agit</strong></span> <span class='ocrx_word' id='word_1_41' title='bbox 919 2244 1032 2309; x_wconf 86' lang='lat' dir='ltr'><strong>pro</strong></span> <span class='ocrx_word' id='word_1_42' title='bbox 1067 2224 1254 2308; x_wconf 86' lang='lat' dir='ltr'><strong>libro,</strong></span> <span class='ocrx_word' id='word_1_43' title='bbox 1300 2244 1480 2310; x_wconf 88' lang='lat' dir='ltr'><strong>quem</strong></span> <span class='ocrx_word' id='word_1_44' title='bbox 1520 2222 1823 2288; x_wconf 80' lang='lat' dir='ltr'><strong>Graevius</strong></span> <span class='ocrx_word' id='word_1_45' title='bbox 1859 2223 2023 2287; x_wconf 87' lang='lat' dir='ltr'><strong>misit</strong></span> <span class='ocrx_word' id='word_1_46' title='bbox 2050 2222 2119 2305; x_wconf 81' lang='lat'><strong>³).</strong></span> 
     </span>
     <span class='ocr_line' id='line_1_13' title="bbox 455 2341 1505 2427; baseline 0.004 -23"><span class='ocrx_word' id='word_1_47' title='bbox 455 2341 950 2426; x_wconf 82' lang='lat' dir='ltr'><strong>Amstelodami,</strong></span> <span class='ocrx_word' id='word_1_48' title='bbox 1011 2345 1047 2407; x_wconf 83' lang='lat'>6</span> <span class='ocrx_word' id='word_1_49' title='bbox 1099 2342 1252 2427; x_wconf 83' lang='lat' dir='ltr'><strong>Maji</strong></span> <span class='ocrx_word' id='word_1_50' title='bbox 1307 2347 1505 2408; x_wconf 90' lang='grc'><strong>1686.</strong></span> 
     </span>
    </p>
   </div>
   <div class='ocr_carea' id='block_1_9' title="bbox 1193 2541 1601 2559">
    <p class='ocr_par' dir='ltr' id='par_1_9' title="bbox 1193 2541 1601 2559">
     <span class='ocr_line' id='line_1_14' title="bbox 1193 2541 1601 2559; baseline 0 -2"><span class='ocrx_word' id='word_1_51' title='bbox 1193 2541 1601 2559; x_wconf 37' lang='lat' dir='ltr'><strong>mmm-fisus&amp;</strong></span> 
     </span>
    </p>
   </div>
   <div class='ocr_carea' id='block_1_10' title="bbox 370 2680 782 2693">
    <p class='ocr_par' dir='ltr' id='par_1_10' title="bbox 370 2680 782 2693">
     <span class='ocr_line' id='line_1_15' title="bbox 370 2680 782 2693; baseline 0 2516"><span class='ocrx_word' id='word_1_52' title='bbox 370 2680 782 2693; x_wconf 95' lang='lat' dir='ltr'><strong> </strong></span> 
     </span>
    </p>
   </div>
   <div class='ocr_carea' id='block_1_11' title="bbox 366 2775 2465 4393">
    <p class='ocr_par' dir='ltr' id='par_1_11' title="bbox 467 2775 1558 2853">
     <span class='ocr_line' id='line_1_16' title="bbox 467 2775 1558 2853; baseline -0.002 -18"><span class='ocrx_word' id='word_1_53' title='bbox 467 2777 509 2850; x_wconf 87' lang='lat'><strong>¹)</strong></span> <span class='ocrx_word' id='word_1_54' title='bbox 602 2777 674 2835; x_wconf 89' lang='lat' dir='ltr'><strong>Iu</strong></span> <span class='ocrx_word' id='word_1_55' title='bbox 718 2776 1101 2835; x_wconf 82' lang='lat' dir='ltr'>Bibliotheca</span> <span class='ocrx_word' id='word_1_56' title='bbox 1146 2775 1558 2853; x_wconf 81' lang='lat' dir='ltr'><strong>Lugdunensi.</strong></span> 
     </span>
    </p>

    <p class='ocr_par' dir='ltr' id='par_1_12' title="bbox 366 2860 2465 4305">
     <span class='ocr_line' id='line_1_17' title="bbox 457 2860 2417 2937; baseline -0.002 -17"><span class='ocrx_word' id='word_1_57' title='bbox 457 2860 509 2937; x_wconf 82' lang='lat'><strong>²)</strong></span> <span class='ocrx_word' id='word_1_58' title='bbox 598 2864 844 2920; x_wconf 90' lang='lat' dir='ltr'><strong>Isaacus</strong></span> <span class='ocrx_word' id='word_1_59' title='bbox 891 2862 1136 2920; x_wconf 80' lang='lat' dir='ltr'>Vossius</span> <span class='ocrx_word' id='word_1_60' title='bbox 1183 2863 1695 2937; x_wconf 83' lang='lat'><strong>(1618—1689),</strong></span> <span class='ocrx_word' id='word_1_61' title='bbox 1745 2860 1999 2919; x_wconf 76' lang='lat' dir='ltr'><strong>Gerar-di</strong></span> <span class='ocrx_word' id='word_1_62' title='bbox 2045 2860 2233 2936; x_wconf 83' lang='lat' dir='ltr'><strong>filius,</strong></span> <span class='ocrx_word' id='word_1_63' title='bbox 2266 2861 2417 2918; x_wconf 91' lang='lat' dir='ltr'><strong>invi-</strong></span> 
     </span>
     <span class='ocr_line' id='line_1_18' title="bbox 366 2947 2421 3025; baseline -0 -19"><span class='ocrx_word' id='word_1_64' title='bbox 366 2950 542 3006; x_wconf 88' lang='lat' dir='ltr'><strong>sebat</strong></span> <span class='ocrx_word' id='word_1_65' title='bbox 609 2948 902 3022; x_wconf 82' lang='lat' dir='ltr'><strong>Galliam,</strong></span> <span class='ocrx_word' id='word_1_66' title='bbox 971 2947 1292 3025; x_wconf 89' lang='lat' dir='ltr'><strong>Angliam,</strong></span> <span class='ocrx_word' id='word_1_67' title='bbox 1348 2948 1607 3005; x_wconf 88' lang='lat' dir='ltr'><strong>Italiam.</strong></span> <span class='ocrx_word' id='word_1_68' title='bbox 1698 2947 1879 3005; x_wconf 86' lang='lat' dir='ltr'><strong>Anno</strong></span> <span class='ocrx_word' id='word_1_69' title='bbox 1941 2948 2100 3005; x_wconf 86' lang='lat'>1646</span> <span class='ocrx_word' id='word_1_70' title='bbox 2156 2947 2421 3024; x_wconf 82' lang='lat' dir='ltr'><strong>praefuit</strong></span> 
     </span>
     <span class='ocr_line' id='line_1_19' title="bbox 366 3032 2465 3109; baseline -0.001 -18"><span class='ocrx_word' id='word_1_71' title='bbox 366 3034 792 3092; x_wconf 87' lang='lat' dir='ltr'><strong>Bibliothecae</strong></span> <span class='ocrx_word' id='word_1_72' title='bbox 824 3033 1439 3108; x_wconf 84' lang='lat' dir='ltr'><strong>Am‘stelaedamensi3</strong></span> <span class='ocrx_word' id='word_1_73' title='bbox 1471 3034 1533 3092; x_wconf 88' lang='lat' dir='ltr'><strong>in</strong></span> <span class='ocrx_word' id='word_1_74' title='bbox 1560 3034 1836 3091; x_wconf 83' lang='lat' dir='ltr'><strong>Sueciam</strong></span> <span class='ocrx_word' id='word_1_75' title='bbox 1854 3039 2102 3092; x_wconf 86' lang='lat' dir='ltr'><strong>vocatus</strong></span> <span class='ocrx_word' id='word_1_76' title='bbox 2121 3032 2419 3109; x_wconf 83' lang='lat' dir='ltr'><strong>Reginam</strong></span> <span class='ocrx_word' id='word_1_77' title='bbox 2462 3104 2465 3107; x_wconf 9' lang='grc' dir='ltr'><em>ᾗ</em></span> 
     </span>
     <span class='ocr_line' id='line_1_20' title="bbox 370 3116 2421 3194; baseline -0.001 -17"><span class='ocrx_word' id='word_1_78' title='bbox 370 3119 742 3177; x_wconf 69' lang='lat' dir='ltr'><strong>Chr-istinam</strong></span> <span class='ocrx_word' id='word_1_79' title='bbox 833 3118 1033 3177; x_wconf 89' lang='lat' dir='ltr'><strong>docuit</strong></span> <span class='ocrx_word' id='word_1_80' title='bbox 1112 3119 1383 3194; x_wconf 89' lang='lat' dir='ltr'><strong>linguam</strong></span> <span class='ocrx_word' id='word_1_81' title='bbox 1464 3120 1775 3177; x_wconf 82' lang='lat' dir='ltr'><strong>Graecam.</strong></span> <span class='ocrx_word' id='word_1_82' title='bbox 1893 3118 2153 3177; x_wconf 86' lang='lat' dir='ltr'><strong>Multum</strong></span> <span class='ocrx_word' id='word_1_83' title='bbox 2226 3116 2421 3175; x_wconf 88' lang='lat' dir='ltr'><strong>valuit</strong></span> 
     </span>
     <span class='ocr_line' id='line_1_21' title="bbox 372 3203 2419 3281; baseline -0.002 -18"><span class='ocrx_word' id='word_1_84' title='bbox 372 3206 574 3280; x_wconf 79' lang='lat' dir='ltr'><strong>gratia</strong></span> <span class='ocrx_word' id='word_1_85' title='bbox 639 3203 796 3281; x_wconf 91' lang='lat' dir='ltr'><strong>apud</strong></span> <span class='ocrx_word' id='word_1_86' title='bbox 865 3203 1262 3277; x_wconf 73' lang='lat' dir='ltr'><strong>christinam,</strong></span> <span class='ocrx_word' id='word_1_87' title='bbox 1333 3223 1491 3280; x_wconf 89' lang='lat' dir='ltr'><strong>quae</strong></span> <span class='ocrx_word' id='word_1_88' title='bbox 1557 3206 1615 3263; x_wconf 91' lang='lat' dir='ltr'><strong>ei</strong></span> <span class='ocrx_word' id='word_1_89' title='bbox 1678 3203 1983 3280; x_wconf 86' lang='lat' dir='ltr'><strong>mandavit</strong></span> <span class='ocrx_word' id='word_1_90' title='bbox 2049 3203 2113 3261; x_wconf 88' lang='lat' dir='ltr'><strong>in</strong></span> <span class='ocrx_word' id='word_1_91' title='bbox 2183 3204 2419 3277; x_wconf 90' lang='lat' dir='ltr'><strong>Gallia,</strong></span> 
     </span>
     <span class='ocr_line' id='line_1_22' title="bbox 373 3289 2422 3366; baseline -0.001 -18"><span class='ocrx_word' id='word_1_92' title='bbox 373 3290 706 3348; x_wconf 89' lang='lat' dir='ltr'><strong>Germania</strong></span> <span class='ocrx_word' id='word_1_93' title='bbox 763 3295 944 3364; x_wconf 86' lang='lat' dir='ltr'><strong>atque</strong></span> <span class='ocrx_word' id='word_1_94' title='bbox 1011 3289 1339 3348; x_wconf 88' lang='lat' dir='ltr'><strong>Hollandia</strong></span> <span class='ocrx_word' id='word_1_95' title='bbox 1395 3290 1581 3348; x_wconf 86' lang='lat' dir='ltr'><strong>libros</strong></span> <span class='ocrx_word' id='word_1_96' title='bbox 1625 3307 1810 3347; x_wconf 87' lang='lat' dir='ltr'><strong>manu</strong></span> <span class='ocrx_word' id='word_1_97' title='bbox 1854 3289 2105 3366; x_wconf 87' lang='lat' dir='ltr'><strong>scriptos</strong></span> <span class='ocrx_word' id='word_1_98' title='bbox 2151 3293 2422 3347; x_wconf 63' lang='lat' dir='ltr'><strong>coemere</strong></span> 
     </span>
     <span class='ocr_line' id='line_1_23' title="bbox 377 3373 2421 3452; baseline -0 -20"><span class='ocrx_word' id='word_1_99' title='bbox 377 3392 638 3451; x_wconf 86' lang='lat' dir='ltr'><strong>eumque</strong></span> <span class='ocrx_word' id='word_1_100' title='bbox 703 3374 997 3452; x_wconf 86' lang='lat' dir='ltr'><strong>praefecit</strong></span> <span class='ocrx_word' id='word_1_101' title='bbox 1063 3375 1483 3433; x_wconf 81' lang='lat' dir='ltr'><strong>Bibliothecae</strong></span> <span class='ocrx_word' id='word_1_102' title='bbox 1548 3376 1780 3452; x_wconf 86' lang='lat' dir='ltr'><strong>Regiae</strong></span> <span class='ocrx_word' id='word_1_103' title='bbox 1825 3373 2177 3432; x_wconf 74' lang='lat' dir='ltr'><strong>Holmiensi.</strong></span> <span class='ocrx_word' id='word_1_104' title='bbox 2271 3374 2421 3433; x_wconf 84' lang='lat' dir='ltr'><strong>Con-</strong></span> 
     </span>
     <span class='ocr_line' id='line_1_24' title="bbox 376 3450 2423 3536; baseline -0.001 -18"><span class='ocrx_word' id='word_1_105' title='bbox 376 3460 674 3519; x_wconf 84' lang='lat' dir='ltr'><strong>troversia</strong></span> <span class='ocrx_word' id='word_1_106' title='bbox 719 3450 864 3517; x_wconf 81' lang='lat' dir='ltr'><strong>cum&#39;</strong></span> <span class='ocrx_word' id='word_1_107' title='bbox 896 3460 1220 3535; x_wconf 82' lang='lat' dir='ltr'><strong>Salmasi0‚</strong></span> <span class='ocrx_word' id='word_1_108' title='bbox 1268 3461 1401 3536; x_wconf 88' lang='lat' dir='ltr'><strong>qui,</strong></span> <span class='ocrx_word' id='word_1_109' title='bbox 1448 3466 1517 3519; x_wconf 93' lang='lat' dir='ltr'><strong>ut</strong></span> <span class='ocrx_word' id='word_1_110' title='bbox 1558 3460 1838 3535; x_wconf 83' lang='lat' dir='ltr'><strong>Vossius,</strong></span> <span class='ocrx_word' id='word_1_111' title='bbox 1884 3459 2129 3519; x_wconf 81' lang='lat' dir='ltr'><strong>vivebat</strong></span> <span class='ocrx_word' id='word_1_112' title='bbox 2172 3460 2235 3518; x_wconf 88' lang='lat' dir='ltr'><strong>in</strong></span> <span class='ocrx_word' id='word_1_113' title='bbox 2282 3459 2423 3517; x_wconf 89' lang='lat' dir='ltr'><strong>aula</strong></span> 
     </span>
     <span class='ocr_line' id='line_1_25' title="bbox 377 3544 2422 3622; baseline 0 -19"><span class='ocrx_word' id='word_1_114' title='bbox 377 3545 660 3620; x_wconf 82' lang='lat' dir='ltr'><strong>Sueeiae,</strong></span> <span class='ocrx_word' id='word_1_115' title='bbox 708 3544 764 3603; x_wconf 92' lang='lat' dir='ltr'><strong>ei</strong></span> <span class='ocrx_word' id='word_1_116' title='bbox 813 3545 984 3603; x_wconf 87' lang='lat' dir='ltr'><strong>valde</strong></span> <span class='ocrx_word' id='word_1_117' title='bbox 1036 3544 1261 3604; x_wconf 88' lang='lat' dir='ltr'><strong>nocuit.</strong></span> <span class='ocrx_word' id='word_1_118' title='bbox 1353 3544 1503 3605; x_wconf 83' lang='lat' dir='ltr'><strong>Cum</strong></span> <span class='ocrx_word' id='word_1_119' title='bbox 1549 3546 1853 3605; x_wconf 84' lang='lat' dir='ltr'><strong>Christina</strong></span> <span class='ocrx_word' id='word_1_120' title='bbox 1898 3564 1950 3603; x_wconf 86' lang='lat' dir='ltr'><strong>a.</strong></span> <span class='ocrx_word' id='word_1_121' title='bbox 2002 3546 2163 3603; x_wconf 83' lang='lat'>1654</span> <span class='ocrx_word' id='word_1_122' title='bbox 2211 3545 2285 3604; x_wconf 87' lang='lat' dir='ltr'><strong>de</strong></span> <span class='ocrx_word' id='word_1_123' title='bbox 2314 3563 2422 3622; x_wconf 90' lang='lat' dir='ltr'><strong>po-</strong></span> 
     </span>
     <span class='ocr_line' id='line_1_26' title="bbox 376 3630 2425 3705; baseline -0.001 -16"><span class='ocrx_word' id='word_1_124' title='bbox 376 3636 599 3689; x_wconf 87' lang='lat' dir='ltr'><strong>testate</strong></span> <span class='ocrx_word' id='word_1_125' title='bbox 660 3630 946 3705; x_wconf 88' lang='lat' dir='ltr'><strong>decessit,</strong></span> <span class='ocrx_word' id='word_1_126' title='bbox 1008 3631 1254 3689; x_wconf 88' lang='lat' dir='ltr'><strong>Vossius</strong></span> <span class='ocrx_word' id='word_1_127' title='bbox 1316 3648 1449 3689; x_wconf 89' lang='lat' dir='ltr'><strong>eam</strong></span> <span class='ocrx_word' id='word_1_128' title='bbox 1500 3638 1743 3690; x_wconf 88' lang='lat' dir='ltr'><strong>secutus</strong></span> <span class='ocrx_word' id='word_1_129' title='bbox 1789 3636 1879 3690; x_wconf 89' lang='lat' dir='ltr'><strong>est</strong></span> <span class='ocrx_word' id='word_1_130' title='bbox 1924 3632 1986 3689; x_wconf 92' lang='lat' dir='ltr'><strong>in</strong></span> <span class='ocrx_word' id='word_1_131' title='bbox 2033 3630 2425 3689; x_wconf 81' lang='lat' dir='ltr'><strong>Hollandiam</strong></span> 
     </span>
     <span class='ocr_line' id='line_1_27' title="bbox 379 3715 2426 3775; baseline 0 -2"><span class='ocrx_word' id='word_1_132' title='bbox 379 3721 444 3773; x_wconf 90' lang='lat' dir='ltr'><strong>et</strong></span> <span class='ocrx_word' id='word_1_133' title='bbox 511 3720 761 3774; x_wconf 86' lang='lat' dir='ltr'><strong>conatus</strong></span> <span class='ocrx_word' id='word_1_134' title='bbox 829 3721 919 3774; x_wconf 89' lang='lat' dir='ltr'><strong>est</strong></span> <span class='ocrx_word' id='word_1_135' title='bbox 953 3715 1273 3773; x_wconf 77' lang='lat' dir='ltr'><strong>&#39;damnum</strong></span> <span class='ocrx_word' id='word_1_136' title='bbox 1343 3735 1517 3774; x_wconf 91' lang='lat' dir='ltr'><strong>suum</strong></span> <span class='ocrx_word' id='word_1_137' title='bbox 1569 3715 1795 3775; x_wconf 86' lang='lat' dir='ltr'><strong>sarcire</strong></span> <span class='ocrx_word' id='word_1_138' title='bbox 1846 3750 1916 3759; x_wconf 89' lang='lat'>—</span> <span class='ocrx_word' id='word_1_139' title='bbox 1967 3716 2221 3775; x_wconf 88' lang='lat' dir='ltr'><strong>multam</strong></span> <span class='ocrx_word' id='word_1_140' title='bbox 2268 3716 2426 3773; x_wconf 91' lang='lat' dir='ltr'><strong>enim</strong></span> 
     </span>
     <span class='ocr_line' id='line_1_28' title="bbox 376 3800 2423 3880; baseline 0.001 -23"><span class='ocrx_word' id='word_1_141' title='bbox 376 3801 697 3879; x_wconf 89' lang='lat' dir='ltr'><strong>pecuniam</strong></span> <span class='ocrx_word' id='word_1_142' title='bbox 763 3800 1254 3879; x_wconf 82' lang='lat' dir='ltr'><strong>suppeditaverat</strong></span> <span class='ocrx_word' id='word_1_143' title='bbox 1317 3800 1591 3879; x_wconf 86' lang='lat' dir='ltr'><strong>Reginae</strong></span> <span class='ocrx_word' id='word_1_144' title='bbox 1650 3835 1721 3845; x_wconf 92' lang='lat'>—</span> <span class='ocrx_word' id='word_1_145' title='bbox 1775 3802 2038 3860; x_wconf 90' lang='lat' dir='ltr'><strong>vendens</strong></span> <span class='ocrx_word' id='word_1_146' title='bbox 2073 3820 2170 3861; x_wconf 88' lang='lat' dir='ltr'><strong>res</strong></span> <span class='ocrx_word' id='word_1_147' title='bbox 2200 3801 2423 3880; x_wconf 88' lang='lat' dir='ltr'><strong>pretio-</strong></span> 
     </span>
     <span class='ocr_line' id='line_1_29' title="bbox 380 3886 2426 3965; baseline 0.001 -22"><span class='ocrx_word' id='word_1_148' title='bbox 380 3904 517 3960; x_wconf 87' lang='lat' dir='ltr'><strong>sas,</strong></span> <span class='ocrx_word' id='word_1_149' title='bbox 565 3904 713 3962; x_wconf 90' lang='lat' dir='ltr'><strong>quas</strong></span> <span class='ocrx_word' id='word_1_150' title='bbox 757 3887 938 3963; x_wconf 91' lang='lat' dir='ltr'><strong>paulo</strong></span> <span class='ocrx_word' id='word_1_151' title='bbox 991 3892 1134 3945; x_wconf 89' lang='lat' dir='ltr'><strong>ante</strong></span> <span class='ocrx_word' id='word_1_152' title='bbox 1182 3892 1429 3945; x_wconf 88' lang='lat' dir='ltr'><strong>emerat.</strong></span> <span class='ocrx_word' id='word_1_153' title='bbox 1520 3888 1801 3946; x_wconf 83' lang='lat' dir='ltr'><strong>Fortasse</strong></span> <span class='ocrx_word' id='word_1_154' title='bbox 1843 3886 2046 3946; x_wconf 89' lang='lat' dir='ltr'><strong>Vossii</strong></span> <span class='ocrx_word' id='word_1_155' title='bbox 2076 3886 2426 3965; x_wconf 82' lang='lat' dir='ltr'><strong>Epistolae,</strong></span> 
     </span>
     <span class='ocr_line' id='line_1_30' title="bbox 377 3971 2429 4047; baseline 0.001 -18"><span class='ocrx_word' id='word_1_156' title='bbox 377 3972 462 4029; x_wconf 86' lang='lat' dir='ltr'><strong>de</strong></span> <span class='ocrx_word' id='word_1_157' title='bbox 501 3971 716 4047; x_wconf 91' lang='lat' dir='ltr'><strong>quibus</strong></span> <span class='ocrx_word' id='word_1_158' title='bbox 760 3971 858 4028; x_wconf 89' lang='lat' dir='ltr'><strong>hie</strong></span> <span class='ocrx_word' id='word_1_159' title='bbox 902 3989 1096 4030; x_wconf 90' lang='lat' dir='ltr'><strong>sermo</strong></span> <span class='ocrx_word' id='word_1_160' title='bbox 1143 3977 1234 4031; x_wconf 89' lang='lat' dir='ltr'><strong>est</strong></span> <span class='ocrx_word' id='word_1_161' title='bbox 1283 4006 1352 4018; x_wconf 88' lang='lat'><strong>·--</strong></span> <span class='ocrx_word' id='word_1_162' title='bbox 1405 3972 1470 4031; x_wconf 91' lang='lat' dir='ltr'><strong>ni</strong></span> <span class='ocrx_word' id='word_1_163' title='bbox 1502 3972 1725 4047; x_wconf 74' lang='lat' dir='ltr'><strong>fallor,</strong></span> <span class='ocrx_word' id='word_1_164' title='bbox 1771 3992 1893 4033; x_wconf 89' lang='lat' dir='ltr'><strong>non</strong></span> <span class='ocrx_word' id='word_1_165' title='bbox 1941 3978 2081 4031; x_wconf 88' lang='lat' dir='ltr'><strong>sunt</strong></span> <span class='ocrx_word' id='word_1_166' title='bbox 2113 3973 2313 4033; x_wconf 86' lang='lat' dir='ltr'><strong>editae</strong></span> <span class='ocrx_word' id='word_1_167' title='bbox 2343 4007 2429 4017; x_wconf 92' lang='lat'>—</span> 
     </span>
     <span class='ocr_line' id='line_1_31' title="bbox 378 4056 2429 4135; baseline 0.001 -20"><span class='ocrx_word' id='word_1_168' title='bbox 378 4056 640 4135; x_wconf 88' lang='lat' dir='ltr'><strong>scriptae</strong></span> <span class='ocrx_word' id='word_1_169' title='bbox 705 4062 845 4116; x_wconf 84' lang='lat' dir='ltr'><strong>sunt</strong></span> <span class='ocrx_word' id='word_1_170' title='bbox 911 4075 982 4116; x_wconf 89' lang='lat' dir='ltr'><strong>eo</strong></span> <span class='ocrx_word' id='word_1_171' title='bbox 1049 4062 1350 4134; x_wconf 71' lang='lat' dir='ltr'><strong>tempore,</strong></span> <span class='ocrx_word' id='word_1_172' title='bbox 1413 4074 1534 4133; x_wconf 93' lang='lat' dir='ltr'><strong>quo</strong></span> <span class='ocrx_word' id='word_1_173' title='bbox 1594 4058 1762 4117; x_wconf 89' lang='lat' dir='ltr'><strong>iussu</strong></span> <span class='ocrx_word' id='word_1_174' title='bbox 1808 4057 2147 4117; x_wconf 84' lang='lat' dir='ltr'><strong>Christinae</strong></span> <span class='ocrx_word' id='word_1_175' title='bbox 2192 4058 2429 4118; x_wconf 89' lang='lat' dir='ltr'><strong>visebat</strong></span> 
     </span>
     <span class='ocr_line' id='line_1_32' title="bbox 379 4142 2429 4222; baseline 0.001 -22"><span class='ocrx_word' id='word_1_176' title='bbox 379 4147 626 4201; x_wconf 85' lang='lat' dir='ltr'><strong>exteras</strong></span> <span class='ocrx_word' id='word_1_177' title='bbox 669 4142 967 4218; x_wconf 86' lang='lat' dir='ltr'><strong>regiones.</strong></span> <span class='ocrx_word' id='word_1_178' title='bbox 1056 4142 1304 4201; x_wconf 90' lang='lat' dir='ltr'><strong>Vossius</strong></span> <span class='ocrx_word' id='word_1_179' title='bbox 1350 4161 1403 4200; x_wconf 89' lang='lat' dir='ltr'><strong>a.</strong></span> <span class='ocrx_word' id='word_1_180' title='bbox 1457 4145 1618 4201; x_wconf 82' lang='lat'>1670</span> <span class='ocrx_word' id='word_1_181' title='bbox 1664 4144 1725 4201; x_wconf 90' lang='lat' dir='ltr'><strong>in</strong></span> <span class='ocrx_word' id='word_1_182' title='bbox 1756 4143 2043 4222; x_wconf 87' lang='lat' dir='ltr'><strong>Angliam</strong></span> <span class='ocrx_word' id='word_1_183' title='bbox 2075 4162 2139 4203; x_wconf 87' lang='lat' dir='ltr'><strong>se</strong></span> <span class='ocrx_word' id='word_1_184' title='bbox 2171 4143 2429 4205; x_wconf 89' lang='lat' dir='ltr'><strong>eontulit</strong></span> 
     </span>
     <span class='ocr_line' id='line_1_33' title="bbox 379 4227 1725 4305; baseline -0.001 -18"><span class='ocrx_word' id='word_1_185' title='bbox 379 4232 445 4287; x_wconf 88' lang='lat' dir='ltr'><strong>et</strong></span> <span class='ocrx_word' id='word_1_186' title='bbox 474 4227 759 4286; x_wconf 86' lang='lat' dir='ltr'><strong>Londinii</strong></span> <span class='ocrx_word' id='word_1_187' title='bbox 794 4228 961 4287; x_wconf 86' lang='lat' dir='ltr'><strong>obiit.</strong></span> <span class='ocrx_word' id='word_1_188' title='bbox 1050 4228 1247 4288; x_wconf 84' lang='lat' dir='ltr'><strong>Multa</strong></span> <span class='ocrx_word' id='word_1_189' title='bbox 1290 4246 1475 4305; x_wconf 88' lang='lat' dir='ltr'><strong>opera</strong></span> <span class='ocrx_word' id='word_1_190' title='bbox 1520 4228 1725 4288; x_wconf 85' lang='lat' dir='ltr'><strong>edidit.</strong></span> 
     </span>
    </p>

    <p class='ocr_par' dir='ltr' id='par_1_13' title="bbox 472 4308 2430 4393">
     <span class='ocr_line' id='line_1_34' title="bbox 472 4308 2430 4393; baseline 0.001 -23"><span class='ocrx_word' id='word_1_191' title='bbox 472 4308 522 4386; x_wconf 81' lang='lat'><strong>3)</strong></span> <span class='ocrx_word' id='word_1_192' title='bbox 608 4312 863 4371; x_wconf 90' lang='lat' dir='ltr'><strong>Videtur</strong></span> <span class='ocrx_word' id='word_1_193' title='bbox 920 4312 1102 4371; x_wconf 85' lang='lat' dir='ltr'><strong>fuisse</strong></span> <span class='ocrx_word' id='word_1_194' title='bbox 1168 4314 1384 4372; x_wconf 82' lang='lat' dir='ltr'><strong>Oratio</strong></span> <span class='ocrx_word' id='word_1_195' title='bbox 1438 4316 1504 4372; x_wconf 78' lang='lat' dir='ltr'><strong>in</strong></span> <span class='ocrx_word' id='word_1_196' title='bbox 1547 4316 1815 4374; x_wconf 78' lang='lat' dir='ltr'><strong>natalem</strong></span> <span class='ocrx_word' id='word_1_197' title='bbox 1862 4315 2430 4393; x_wconf 74' lang='lat' dir='ltr'><strong>quinquayesimum</strong></span> 
     </span>
    </p>
   </div>
   <div class='ocr_carea' id='block_1_12' title="bbox 378 4388 2431 4543">
    <p class='ocr_par' dir='ltr' id='par_1_14' title="bbox 378 4388 2431 4543">
     <span class='ocr_line' id='line_1_35' title="bbox 378 4388 2431 4543; baseline 0.001 -88"><span class='ocrx_word' id='word_1_198' title='bbox 378 4388 1237 4543; x_wconf 43' lang='grc' dir='ltr'><strong>ξέὲὶέεἰτὶἶεἛΤναᾷεσιὶηαε,</strong></span> <span class='ocrx_word' id='word_1_199' title='bbox 1306 4418 1487 4475; x_wconf 89' lang='lat' dir='ltr'><strong>quam</strong></span> <span class='ocrx_word' id='word_1_200' title='bbox 1556 4400 1849 4460; x_wconf 89' lang='lat' dir='ltr'><strong>Graevius</strong></span> <span class='ocrx_word' id='word_1_201' title='bbox 1916 4399 1972 4458; x_wconf 92' lang='lat' dir='ltr'><strong>d.</strong></span> <span class='ocrx_word' id='word_1_202' title='bbox 2033 4400 2184 4458; x_wconf 90' lang='lat' dir='ltr'><strong>XVI</strong></span> <span class='ocrx_word' id='word_1_203' title='bbox 2226 4398 2431 4459; x_wconf 85' lang='lat' dir='ltr'><strong>Martii</strong></span> 
     </span>
     <span class='ocr_line' id='line_1_36' title="bbox 638 4501 827 4542; baseline -0.016 0"><span class='ocrx_word' id='word_1_204' title='bbox 638 4502 674 4542; x_wconf 88' lang='lat' dir='ltr'><strong>a</strong></span> <span class='ocrx_word' id='word_1_205' title='bbox 720 4501 782 4540; x_wconf 91' lang='lat' dir='ltr'><strong>u1</strong></span> <span class='ocrx_word' id='word_1_206' title='bbox 814 4526 827 4539; x_wconf 93' lang='lat'><strong>.</strong></span> 
     </span>
    </p>
   </div>
  </div>
 </body>
</html>
