2975 5209
1502 530 1628 592 134

533 731 856 810 natorum,
931 745 1115 809 quem
1187 733 1254 788 tu
1302 723 1453 786 mihi
1507 722 1949 806 designaveris.
2052 722 2249 785 Simul
2301 698 2615 786 desidero·

530 847 725 929 scire,
816 845 953 932 quis
1038 845 1227 910 homo
1299 844 1482 908 fuerit
1560 843 1916 907 Florentius
1997 841 2472 907 Schoonhovius
2518 844 2583 926 ¹),

531 969 719 1048 poeta
786 972 1057 1048 vestras,
1113 985 1233 1050 quo
1284 985 1545 1048 genere,
1602 963 1829 1046 quibus
1879 961 2179 1046 fortunis,
2234 971 2353 1025 etc.
2450 959 2593 1026 Erit

533 1084 694 1147 enim
762 1084 1090 1168 aliquando
1161 1084 1240 1146 de
1309 1105 1382 1147 eo
1454 1083 1781 1147 dicendum
1852 1080 2122 1169 aliquid,
2177 1083 2285 1146 ubi
2333 1103 2591 1146 censum

533 1224 752 1286 egero,
807 1211 866 1266 et
915 1204 1176 1266 lustrum
1227 1202 1585 1284 condidero·
1618 1207 1945 1286 poetarum
1998 1200 2373 1285 Belgarum,
2430 1199 2589 1263 Cen-

532 1344 634 1385 sor
701 1323 832 1387 sine
899 1324 1116 1408 populi
1180 1321 1511 1406 suffragiis.
1614 1320 1740 1384 Sed
1808 1321 1953 1406 quid
2031 1321 2188 1384 haec
2253 1327 2459 1383 nostra
2507 1318 2591 1382 ad
2644 1349 2650 1354 ·

529 1443 868 1528 populum,
934 1443 1217 1506 inscitam
1287 1442 1563 1520 belluam
1632 1448 1815 1526 atque
1864 1439 2223 1502 inficetam?
2327 1437 2591 1511 Quando

533 1569 740 1626 tamen
810 1563 872 1626 id
941 1563 1143 1648 ipsum
1193 1563 1270 1625 sit
1320 1561 1629 1642 futurum,
1684 1560 1956 1622 nondum
2008 1559 2191 1643 plane
2246 1558 2411 1643 apud
2463 1558 2592 1621 ani-

534 1703 701 1746 mum
752 1703 958 1745 meum
1007 1683 1309 1747 constitui.
1424 1679 1675 1743 Viderit
1716 1679 1890 1742 Deus
1910 1728 1931 1761 ,
1968 1681 2078 1762 qui
2114 1679 2315 1742 corda
2340 1679 2595 1762 poetica

535 1807 766 1864 versat.
864 1801 1063 1864 Levia
1141 1800 1338 1884 ista,.
1379 1799 1585 1881 dices,
1670 1807 1729 1861 et
1803 1799 2015 1883 paullo
2092 1771 2406 1862 momento
2471 1797 2597 1860 huc

535 1920 681 1982 illuc
759 1920 1044 2006 impulsa.
1145 1919 1241 1982 Ita
1325 1939 1492 1982 sane.
1595 1917 1831 1982 Verum
1906 1938 1980 1981 eo
2062 1917 2360 2002 promtior
2440 1937 2597 2002 spes

538 2047 631 2103 est
673 2039 1074 2124 aggrediendi
1125 2046 1183 2103 et
1235 2037 1595 2103 conficiendi
1646 2037 1829 2101 totius
1879 2038 2130 2120 negotii.
2188 2036 2581 2123 Quamquam
2664 2059 2672 2062 ·

538 2167 596 2222 et
645 2181 789 2245 spes
840 2168 932 2224 est
981 2158 1316 2223 desinendi.
1416 2156 1621 2240 Ecce,
1678 2157 1916 2240 amice,
1973 2156 2305 2220 verbosam
2358 2155 2591 2241 epistov

535 2279 696 2363 lam,
775 2287 835 2344 et
898 2301 1125 2363 magna
1197 2269 1499 2363 nugarum
1566 2277 1875 2360 farragine
1935 2285 2305 2340 contextam.
2409 2275 2593 2339 Nunc

535 2406 602 2463 tu
663 2400 933 2464 vicissim
1010 2391 1245 2478 scribe,
1299 2395 1543 2484 quando
1597 2383 1935 2460 debeamus
1988 2404 2320 2484 expectare
2368 2395 2584 2459 Vitam

539 2518 888 2583 Casauboni
924 2522 994 2604 2),
1032 2520 1278 2605 quando
1315 2517 1655 2603 EpistolaS,
1696 2523 1753 2579 et
1788 2516 1839 2579 si
1875 2516 2020 2602 quid
2054 2523 2377 2602 praeterea
2413 2537 2589 2580 mens

535 2646 640 2702 tua
728 2640 1006 2724 parturit.
1108 2639 1428 2725 Denique,
1519 2659 1594 2700 an
1670 2657 1972 2726 umquam·
2035 2635 2425 2720 proditurum
2512 2636 2595 2698 sit

535 2755 738 2820 Paelii
789 2755 1081 2837 Oriticum
1133 2777 1308 2842 opus.
1409 2736 1572 2820 Vale
1602 2755 1704 2844 ‘mi
1754 2755 2118 2830 suavissime
2170 2752 2593 2840 Almeloveni,

539 2880 600 2938 et
647 2883 820 2938 tuum
869 2873 1330 2956 Broukhusium
1386 2895 1598 2938 amare
1646 2877 1856 2959 p'crge.

632 2991 1108 3057 Amstelodami.
1163 2996 1250 3056 30
1303 2991 1473 3056 Julii.
1540 2994 1735 3057 1695.

1361 3163 1665 3179 mmmm
1669 3161 1771 3178 ''s-‘'XI'—

641 3264 680 3338 ι)
768 3264 1114 3324 Florentius
1149 3284 1187 3322 a
1219 3265 1657 3322 Schoonhoven
1710 3266 2201 3339 (1594—1648),
2249 3264 2602 3338 GoudanuS,

541 3350 821 3427 Lugduni
891 3351 1082 3408 causis
1151 3350 1422 3408 dicendis
1489 3368 1729 3426 operam
1776 3349 1959 3410 dedit.
2044 3350 2328 3409 Carmina
2373 3350 2605 3408 Latina

543 3436 910 3513 composuit,
978 3454 1134 3512 quae
1203 3455 1257 3493 a.
1335 3437 1494 3493 1613
1562 3435 1819 3512 primum
1864 3437 2033 3513 prelo
2081 3437 2395 3494 commissa
2436 3441 2598 3493 sunt.

627 3519 677 3594 2)
766 3522 1010 3579 Isaacus
1117 3521 1511 3579 Casaubonus
1604 3520 2095 3596 (1559—1614),
2188 3521 2597 3596 GenevensiS,

541 3624 787 3683 operam
857 3606 1022 3664 dedit
1079 3606 1297 3665 litteris
1343 3607 1406 3664 in
1451 3606 1782 3664 Academia
1824 3608 2053 3684 patria,
2102 3607 2177 3664 ab
2224 3625 2381 3664 anno
2433 3607 2597 3664 1583

541 3691 627 3748 ibi
672 3692 943 3771 linguam
990 3692 1286 3750 Graecam
1329 3687 1746 3769 profitebatur.
1821 3693 2047 3750 Eodem
2078 3710 2328 3750 munere
2358 3692 2601 3750 functus

542 3783 630 3836 est
675 3777 992 3854 Lugduni,
1040 3778 1201 3836 unde
1245 3777 1380 3834 Rex
1426 3777 1727 3834 Henricus
1771 3777 1859 3835 IV
1906 3797 2039 3835 eum
2088 3776 2391 3837 Lutetiam
2422 3777 2598 3834 Pari-

542 3863 764 3921 siorum
811 3864 1085 3922 avocavit
1131 3881 1387 3939 eumque
1431 3862 1726 3938 praefecit
1773 3863 2177 3922 bibliothecae
2216 3881 2381 3920 suae.
2428 3863 2598 3939 Rege

541 3954 776 4006 mortuo
849 3949 1245 4007 Casaubonus
1312 3948 1465 4006 vixit
1534 3947 1834 4006 Londinii.
1924 3949 2035 4004 Vir
2087 3947 2359 4026 inprimis
2399 3947 2597 4005 erudi‘·

541 4033 807 4091 tissimus
899 4033 1083 4092 edidit
1156 4033 1585 4106 Aristotelem,
1654 4033 2167 4111 Theophrastum,
2239 4034 2596 4110 Polybium,

535 4118 875 4194 Diogenem
921 4119 1263 4193 Laertium,
1312 4118 1699 4192 Suetonium,
1744 4120 2059 4193 Persium,
2109 4119 2291 4192 alioS,
2328 4118 2592 4195 scripsit:

541 4203 1168 4263 Animadversionum
1217 4207 1281 4261 in
1329 4205 1631 4261 Athenaei
1676 4203 2234 4281 Deipnosophistas
2282 4206 2429 4262 libri
2470 4204 2590 4262 XV

543 4288 878 4367 (Lugduni,
951 4291 1178 4364 1600),
1251 4289 1342 4346 De
1390 4288 1683 4362 Satvrica
1730 4291 2106 4348 Graecorum
2142 4292 2322 4365 poesi
2366 4297 2421 4348 et
2464 4290 2588 4348 Ro-

543 4393 861 4433 manorum
908 4377 1111 4432 satira
1145 4375 1293 4432 libri
1336 4375 1399 4432 II
1446 4374 1789 4450 (Lutetiae,
1842 4377 2065 4449 1605);
2099 4380 2251 4434 caet.

627 4460 698 4517 A.
754 4462 910 4517 1709
979 4459 1428 4522 Almelovenius
1504 4459 1692 4518 edidit
1736 4459 2155 4519 Roterodami:
2247 4457 2600 4520 Casauboni

544 4544 1158 4622 Epistolqe,·quibus
1203 4545 1332 4602 eius
1377 4544 1564 4603 vitam
1606 4545 1914 4622 praefixit.
