2975 5209
1471 464 1603 526 148

501 657 565 724 in
614 657 932 724 Tibullum
979 661 1293 747 praefatus
1341 667 1435 725 est
1465 667 1651 746 atque
1688 660 1750 723 in
1783 659 2179 746 Propertium
2196 661 2238 744 ¹)
2276 683 2292 724 τ
2345 682 2563 748 quam-

505 799 691 864 quam
735 784 868 864 .tu‚
941 801 1102 866 quae
1176 787 1272 844 est
1334 779 1565 866 ingenii
1603 779 1694 842 tui
1740 778 2047 864 felicitae,
2099 799 2202 844 me
2252 780 2563 844 monitore

505 899 607 962 hic
683 920 840 985 opus
912 922 1034 963 non
1105 900 1320 964 habes.
1420 899 1750 963 Danielem
1824 899 2158 963 Heinsium
2235 900 2344 963 ubi
2409 901 2568 963 inter

505 1025 840 1084 sectatores
907 1019 1220 1106 Propertii
1285 1020 1496 1105 ponis,
1568 1017 1797 1082 addere
1868 1017 2147 1083 debebas
2214 1019 2282 1083 id
2334 1019 2567 1083 factum

504 1139 696 1204 fuisse
740 1140 806 1203 in
851 1138 1215 1205 Monobiblo
1251 1141 1338 1222 2):
1392 1160 1537 1202 nam
1584 1159 1731 1202 sane
1779 1139 1841 1201 in
1894 1139 2113 1202 ceteris
2168 1140 2251 1203 ad
2291 1138 2566 1204 Nasonis

504 1258 841 1343 imaginem
913 1265 1112 1322 totum
1167 1279 1236 1322 se
1284 1257 1521 1322 effinxit
1567 1256 1900 1320 Heinsius.
2003 1257 2306 1321 Wallium
2346 1261 2394 1340 3)
2446 1279 2567 1342 ego

507 1370 665 1434 inter
722 1368 1061 1435 Ovidianos
1111 1371 1285 1434 soleo
1334 1389 1679 1432 numerare.
1778 1368 1878 1432 De
1935 1368 2165 1454 Rapini
2215 1367 2453 1455 Elegiis
2490 1371 2563 1453 4),

508 1479 710 1566 deque
776 1481 850 1544 iis
922 1503 1076 1567 quas
1138 1502 1334 1567 nuper
1407 1479 1601 1544 edidit
1664 1479 1985 1544 Santolius
2014 1480 2083 1563 ⁵),
2137 1501 2259 1543 non
2307 1501 2567 1565 possum

509 1596 639 1654 tam
710 1590 976 1675 benigne
1040 1591 1265 1655 sentire
1333 1597 1399 1653 ut
1446 1590 1606 1653 inter
1656 1590 1985 1676 optimates
2036 1591 2243 1664 locum
2290 1591 2364 1654 iis
2415 1590 2564 1654 dan-

513 1698 661 1764 dum
748 1700 1028 1764 arbitrer.
1128 1699 1318 1786 Apud
1404 1707 1733 1786 utrumque
1817 1701 2087 1787 plurima
2156 1709 2327 1788 sunt,
2404 1723 2565 1789 quae

509 1795 695 1877 nemo
771 1810 991 1880 Gallus
1062 1811 1222 1876 ferre
1292 1819 1510 1896 posset
1586 1811 1648 1873 in
1714 1817 1903 1896 poeta
1954 1813 2163 1898 aliquo
2213 1815 2560 1899 peregrino.

513 1923 599 1987 Et
664 1929 734 1988 ut
784 1922 986 1987 dicam
1044 1922 1209 2008 quod
1258 1922 1489 2003 sentio,
1544 1943 1660 2006 ego
1711 1943 1897 1984 unam
1948 1925 2225 2008 quamvis
2277 1924 2475 1990 Grotii
2511 1928 2563 2008 6)

513 2034 706 2098 nostri
756 2033 1023 2118 elegiam
1071 2031 1224 2094 mihi
1273 2032 1480 2115 ma10‚
1537 2051 1721 2116 quam
1757 2031 2055 2117 quidquid
2088 2033 2148 2097 in
2186 2035 2303 2098 hoc
2338 2055 2569 2119 genere

516 2150 770 2209 conatus
845 2150 939 2207 est
1010 2163 1304 2229 umquam
1379 2142 1476 2205 vel
1527 2141 1809 2227 Rapinus
1860 2143 1961 2205 vel
2008 2141 2338 2208 Santolius.
2438 2142 2571 2208 Sed

511 2263 578 2320 tu
625 2255 784 2319 haec
833 2255 1057 2319 certius
1109 2254 1370 2318 videbis.
1472 2253 1774 2316 Francius
1829 2260 2037 2318 noster
2068 2276 2171 2319 rus
2205 2256 2410 2320 nescio
2446 2277 2571 2342 quo

513 2367 828 2453 profectus
897 2373 1065 2451 erat,
1140 2367 1240 2430 cui
1308 2374 1415 2430 tua
1483 2367 1605 2429 ista
1672 2388 1790 2429 non
1841 2368 2016 2453 potui
2066 2376 2572 2433 commonstrare.

513 2475 676 2542 Vale
723 2479 811 2542 mi
857 2477 1146 2562 Hesseli‚
1201 2485 1263 2541 et
1311 2499 1456 2562 me,
1512 2478 1564 2540 si
1613 2499 1900 2562 mereor,
1954 2499 2165 2543 amare
2214 2501 2425 2566 perge.

609 2587 962 2654 Amstelod.
1017 2588 1273 2653 Calend.
1329 2587 1654 2674 Septemb.
1712 2591 1914 2653 1701.

1343 2708 1730 2822 WOXXVI

1163 2864 1352 2928 loanni
1400 2865 1645 2948 (ἔθυε-910
1694 2865 1935 2930 Graevio

1248 2951 1417 3014 lanus
1463 2951 1865 3018 Broukhusiua

615 3053 896 3118 Tandem
969 3077 1248 3122 carceres
1323 3061 1605 3145 perrupit
1676 3059 2041 3146 Propertius
2090 3081 2266 3125 meus
2309 3062 2391 3146 ⁷),
2470 3062 2576 3147 qui

620 3188 661 3264 1)
749 3191 1022 3250 Muretus
1087 3211 1140 3249 a.
1194 3193 1355 3251 1558
1415 3193 1753 3270 Catullum,
1809 3194 2147 3293 Tibullum,
2192 3197 2576 3274 Propertium

523 3275 712 3334 edidit
753 3277 1046 3336 Venetiis.
2646 3293 2654 3300 '

607 3364 653 3434 2)
695 3361 977 3420 Heinsius
1005 3361 1226 3420 librum
1255 3382 1428 3421 suum
1461 3364 1815 3442 Elegiarum
1835 3365 2141 3443 inscripsit
2166 3367 2573 3440 Monobiblon,

522 3445 942 3524 „Propertium
1001 3446 1183 3506 etiam
1231 3448 1310 3507 in
1377 3450 1553 3509 titulo
1619 3451 1923 3510 imitatus”
1973 3450 2134 3526 (vide
2175 3452 2535 3529 Peerlkamp
2558 3494 2573 3525 ‚

520 3489 605 3588 lul
627 3550 825 3608 ‚‚pag
878 3534 1044 3606 380).

613 3611 663 3690 3)
750 3619 1014 3676 Jacobus
1057 3617 1320 3676 Wallius
1364 3621 1637 3694 (1599-
1651 3621 1859 3696 1680),
1906 3621 2271 3700 Brugensis,
2319 3641 2352 3682 e
2384 3623 2571 3681 socie-

521 3707 650 3762 tate
694 3703 861 3778 Jesu‚
906 3721 1124 3761 novem
1171 3703 1356 3761 libros
1402 3704 1756 3764 Poematum
1800 3706 2055 3784 scripsit.

613 3785 662 3862 4)
749 3789 842 3846 De
886 3788 1121 3866 Rapino
1168 3788 1305 3846 vide
1348 3808 1486 3867 pag.

614 3870 663 3945 5)
750 3873 906 3932 Vide
950 3873 1027 3931 ad
1073 3874 1259 3950 Epist.
1310 3876 1409 3932 82.

613 3953 663 4029 ⁶)
751 3959 1028 4036 Hugonis
1075 3959 1266 4018 Grotii
1307 3960 1602 4019 Carmina
1631 3961 1890 4037 primum
1917 3961 2272 4038 prodierunt
2303 3982 2355 4021 a.
2388 3965 2572 4022 1601.

618 4038 664 4114 ⁷)
755 4043 889 4101 Sem.
938 4045 1187 4102 Aurelii
1232 4046 1549 4121 Propertii
1573 4047 1933 4123 Eleyiarum
1957 4049 2104 4105 libri
2130 4055 2428 4124 quatuor,
2463 4049 2573 4109 Ad

512 4128 703 4201 fidem
755 4135 1020 4186 veterum
1063 4131 1554 4189 membranarum
1600 4133 1811 4190 sedulo
1858 4135 2164 4210 castiyati.
2256 4134 2571 4192 Accedunt

528 4210 739 4286 Notae,
774 4219 828 4270 et
860 4217 1019 4271 terni
1047 4213 1289 4273 Indices
1304 4236 1329 4289 ;
1363 4236 1623 4292 quorum
1630 4218 1879 4292 primus
1896 4237 2091 4276 omnes
2112 4238 2279 4277 voces
2298 4220 2568 4296 Proper-

529 4297 735 4354 tianas
801 4300 1274 4375 complectitur..
1324 4343 1337 4356 .
1389 4345 1401 4357 .
1464 4301 1945 4361 Amstelaedami
1998 4303 2189 4378 Apud
2235 4303 2572 4364 Henricum

539 4380 924 4440 Wetstem’um
940 4405 965 4456 ,·
995 4390 1062 4440 ut
1090 4391 1144 4441 et
1169 4385 1323 4443 Rod.
1346 4392 1399 4442 et
1419 4386 1597 4443 Gerh.
1628 4386 2003 4464 Wetsteni08‚
2022 4389 2099 4445 H.
2122 4388 2247 4448 FF.
2268 4389 2576 4450 MDGOII.

611 4467 686 4525 A.
739 4469 896 4525 1727
943 4467 1099 4526 liber
1141 4468 1362 4528 iterum
1404 4471 1648 4548 prodiit.
