2975 5209
1285 485 1414 548 139

322 703 510 767 quam
559 682 863 768 primum,
917 689 978 747 et
1026 683 1306 748 codicem
1354 681 1467 746 tibi
1500 681 1925 746 transmittam.
2028 681 2173 746 Jam
2206 683 2369 748 enim
2464 671 2471 680 ’

323 801 444 865 hoc
501 803 706 888 ipsum
766 803 926 865 serio
978 809 1215 888 agetur.
1270 802 1411 866 Fiet
1461 820 1706 889 quoque
1756 801 2093 865 honorifica
2140 803 2368 868 mentio

319 929 446 986 tam
495 920 850 1007 vindingii,
905 942 1090 1008 quam
1141 921 1478 1006 Wolfenii,
1534 942 1795 1008 quorum
1843 922 2173 1006 insignium
2206 923 2368 986 viro-

324 1065 464 1107 rum
513 1043 814 1110 beneficio
865 1042 1225 1108 meliuscule
1276 1042 1390 1106 erit
1437 1041 1971 1127 praestantissimo
2020 1047 2245 1128 poetae
2300 1043 2363 1127 ¹).

318 1162 554 1227 Verum
651 1163 843 1248 (quod
936 1182 1188 1227 monere
1264 1161 1495 1243 debeo)
1568 1153 1810 1252 ridetur
1880 1161 1991 1225 tibi
2065 1161 2367 1226 excidisse

327 1283 629 1347 Wolfenii
656 1303 1052 1368 praenomen.
1100 1250 1394 1368 Significa
1430 1302 1661 1368 quaeso
1697 1301 1875 1366 quam
1919 1281 2199 1366 primum,
2225 1303 2366 1346 nam

318 1409 377 1466 et
429 1424 502 1466 eo
555 1402 703 1466 mihi
755 1402 910 1466 scito
961 1423 1118 1488 opus
1169 1410 1279 1465 est.
1381 1400 1537 1465 Heri
1586 1401 1666 1465 ad
1714 1422 1816 1466 me
1866 1401 2105 1466 visebat
2130 1401 2369 1466 Doctor

322 1520 465 1584 Rau
502 1522 575 1605 2),
654 1522 750 1586 cui
815 1541 933 1605 ego
985 1520 1281 1606 quidquid
1330 1521 1390 1584 in
1441 1542 1543 1584 me
1592 1521 1707 1586 erit
1756 1521 2155 1586 commodare
2206 1523 2363 1586 volo.

318 1639 444 1704 Sed
495 1655 614 1703 non
667 1641 779 1702 nisi
830 1639 1048 1704 dextro
1101 1647 1379 1725 tempore
1428 1639 1739 1724 agendum
1790 1641 1941 1725 erit,
1996 1648 2057 1705 et
2106 1641 2363 1705 circum-

317 1769 552 1845 specte.
651 1759 814 1824 Vale
905 1760 1136 1823 saeculi
1225 1760 1450 1844 decus,
1549 1768 1610 1822 et
1690 1779 1791 1823 me
1868 1779 2077 1822 amare
2151 1779 2360 1844 perge.

317 1879 790 1944 Amstelodami.
854 1883 923 1942 11
989 1877 1210 1944 Octob.
1273 1882 1468 1944 1697.

226 1989 234 1996 ’
363 1999 739 2084 'Rotgansii
769 2000 955 2063 odam
991 2021 1290 2085 nuperam
1343 1999 1503 2084 legi,
1558 2005 1619 2062 et
1666 1998 1847 2062 valde
1878 1997 2159 2084 probavi.
2232 1998 2361 2062 De-

315 2119 435 2185 beo
499 2121 617 2206 ipsi
684 2141 1077 2206 responsum,
1149 2120 1259 2183 sed
1323 2139 1478 2182 nunc
1528 2141 1645 2182 non
1696 2139 1969 2204 possum.
2072 2116 2363 2190 Quotidie

318 2239 519 2319 enim,
594 2221 761 2304 facta
831 2240 965 2322 jam
1039 2260 1234 2325 pace,
1304 2238 1538 2324 aliquot
1606 2239 1685 2302 de
1738 2237 2091 2324 argonautis
2139 2237 2363 2301 nostris

314 2359 502 2424 laceri
577 2381 649 2423 ac
715 2359 862 2423 nudi
931 2359 1010 2422 ad
1059 2381 1171 2422 nos
1220 2367 1565 2423 remeantes

699 2477 1046 2564 Emergunt
1093 2499 1244 2543 cano
1296 2478 1579 2564 Tethyos
1628 2501 1663 2544 e
1692 2479 1967 2563 gremio.

310 2597 399 2661 Iis
447 2621 547 2664 me
596 2619 754 2662 nunc
801 2599 1096 2684 inservire
1130 2618 1395 2685 aequum
1421 2605 1533 2663 est.
1608 2598 1842 2664 Iterum
1868 2599 2133 2684 vale‚·mi
2158 2604 2353 2684 pater.

1130 2718 1495 2736 uvwmf-rfmv‘u
1500 2717 1543 2734 'Q

1215 2797 1345 2859 118
1384 2798 1450 2880 ³).

1039 2911 1290 2975 Monsoni
1333 2911 1559 2975 Adriani
1584 2916 1629 2987 ⁴)

997 3024 1197 3088 'lanus
1241 3022 1642 3087 Broukhusius.

407 3137 589 3200 Mittit
671 3159 917 3202 carmen
983 3137 1239 3204 funebre
1297 3138 1356 3201 in
1409 3138 1779 3202 avunculum
1829 3137 2135 3204 Joannem
2185 3139 2354 3204 Men·

309 3255 548 3341 singam
583 3257 652 3340 ⁵).

408 3372 884 3439 Amstelodami.
935 3377 973 3438 3
1026 3373 1230 3461 April.
1291 3377 1489 3440 1698.

1147 3497 1358 3514 ΝΜΧΜ

417 3570 452 3642 1)
539 3571 694 3628 Vide
738 3573 923 3651 Epist.
975 3573 1235 3631 CXXIV
1276 3580 1336 3633 et
1365 3572 1815 3631 Praefationem
1847 3573 1923 3631 ad
1954 3573 2351 3650 Propertium.

402 3657 446 3727 2)
534 3657 803 3715 «Ioannes
891 3660 1155 3717 Jacobus
1220 3659 1353 3717 Rau
1421 3647 1915 3737 (mss—1719),
1983 3660 2355 3734 Germanae,

315 3740 742 3802 celeberrimus
803 3744 915 3803 fuit
982 3745 1310 3821 chirurgus.
1403 3745 1657 3803 Juvenis
1724 3750 1855 3803 tota
1919 3745 2047 3802 fere
2116 3744 2357 3822 Europa

313 3828 683 3903 vagabatur,
731 3849 782 3887 a.
838 3833 998 3888 1694
1044 3830 1325 3906 Lugduni
1370 3830 1705 3888 medicinae
1737 3821 1945 3890 doctor
1977 3835 2067 3887 est
2100 3836 2353 3888 creatae.

312 3911 783 3972 Amstelaedami
851 3916 1215 3992 chirurgiam
1284 3918 1644 3989 exercebat,
1715 3935 1767 3974 a.
1844 3918 2002 3973 1713
2073 3915 2355 3991 Lugduni

313 3999 748 4073 professionem
837 4001 1179 4060 anatomiae
1261 4003 1543 4080 suscepit.
1634 4002 1724 4059 De
1814 4001 2035 4059 morbis
2120 4000 2355 4060 vesicae

234 4141 276 4146 „-
313 4085 635 4144 nonnullos
681 4087 917 4164 scripsit
964 4087 1173 4161 libros,
1222 4093 1281 4145 et
1329 4093 1598 4147 versatus
1645 4092 1776 4146 erat
1820 4087 1881 4144 in
1928 4093 2059 4145 arte
2090 4087 2356 4146 calculos

313 4170 648 4228 amovendi.
740 4171 912 4230 Hanc
979 4173 1056 4231 ob
1124 4191 1248 4230 rem
1295 4174 1397 4248 B.‚
1447 4173 1550 4250 qui
1595 4172 1699 4231 illo
1744 4173 1951 4231 morbo
1998 4171 2353 4247 laborabat,

315 4272 450 4313 eum
490 4256 809 4316 consuluit.
2207 4269 2216 4276 ”

406 4337 452 4414 ³)
539 4341 612 4398 In
657 4343 1040 4401 Bibliotheca
1083 4343 1492 4420 Lugdunensi.

405 4422 453 4499 4)
539 4427 754 4487 Nescio
801 4429 932 4504 quis
977 4428 1178 4488 fuerit.

405 4507 453 4584 5)
544 4513 632 4572 cf.
704 4515 932 4590 Poena„
998 4533 1134 4592 pag.
1184 4511 1324 4572 288.
1371 4514 1693 4594 Mensinga
1736 4514 1888 4574 obiit
1932 4513 1986 4572 d.
2034 4514 2089 4571 V
2132 4514 2350 4574 Mart-ii.
