<?xml version="1.0" encoding="UTF-8"?>
<!DOCTYPE html PUBLIC "-//W3C//DTD XHTML 1.0 Transitional//EN"
    "http://www.w3.org/TR/xhtml1/DTD/xhtml1-transitional.dtd">
<html xmlns="http://www.w3.org/1999/xhtml" xml:lang="en" lang="en">
 <head>
  <title>
</title>
<meta http-equiv="Content-Type" content="text/html;charset=utf-8" />
  <meta name='ocr-system' content='tesseract 3.04.00' />
  <meta name='ocr-capabilities' content='ocr_page ocr_carea ocr_par ocr_line ocrx_word'/>
</head>
<body>
  <div class='ocr_page' id='page_1' title='image "./epistolaeselect00worpgoog_0065.png"; bbox 0 0 2975 5209; ppageno 0'>
   <div class='ocr_carea' id='block_1_1' title="bbox 1323 494 1398 554">
    <p class='ocr_par' dir='ltr' id='par_1_1' title="bbox 1323 494 1398 554">
     <span class='ocr_line' id='line_1_1' title="bbox 1323 494 1398 554; baseline 0 0"><span class='ocrx_word' id='word_1_1' title='bbox 1323 494 1398 554; x_wconf 83' lang='lat'>51</span> 
     </span>
    </p>
   </div>
   <div class='ocr_carea' id='block_1_2' title="bbox 1286 736 1470 819">
    <p class='ocr_par' dir='ltr' id='par_1_2' title="bbox 1286 736 1470 819">
     <span class='ocr_line' id='line_1_2' title="bbox 1286 736 1470 819; baseline 0.005 -21"><span class='ocrx_word' id='word_1_2' title='bbox 1286 736 1363 799; x_wconf 87' lang='lat'>41</span> <span class='ocrx_word' id='word_1_3' title='bbox 1411 737 1470 819; x_wconf 80' lang='grc' dir='ltr'>ι).</span> 
     </span>
    </p>
   </div>
   <div class='ocr_carea' id='block_1_3' title="bbox 1102 926 1657 1123">
    <p class='ocr_par' dir='ltr' id='par_1_3' title="bbox 1102 926 1657 1123">
     <span class='ocr_line' id='line_1_3' title="bbox 1111 926 1648 993; baseline 0.002 -1"><span class='ocrx_word' id='word_1_4' title='bbox 1111 928 1249 992; x_wconf 82' lang='lat' dir='ltr'>lano</span> <span class='ocrx_word' id='word_1_5' title='bbox 1294 926 1648 993; x_wconf 82' lang='lat' dir='ltr'>Broukhuslo</span> 
     </span>
     <span class='ocr_line' id='line_1_4' title="bbox 1102 1038 1657 1123; baseline 0.005 -22"><span class='ocrx_word' id='word_1_6' title='bbox 1102 1038 1221 1103; x_wconf 78' lang='lat' dir='ltr'>ioh.</span> <span class='ocrx_word' id='word_1_7' title='bbox 1267 1038 1561 1123; x_wconf 74' lang='lat' dir='ltr'>Mensinqa</span> <span class='ocrx_word' id='word_1_8' title='bbox 1586 1040 1657 1119; x_wconf 79' lang='grc'>2).</span> 
     </span>
    </p>
   </div>
   <div class='ocr_carea' id='block_1_4' title="bbox 352 1215 2418 3225">
    <p class='ocr_par' dir='ltr' id='par_1_4' title="bbox 352 1215 2418 3225">
     <span class='ocr_line' id='line_1_5' title="bbox 458 1215 2406 1316; baseline 0.002 -25.087"><span class='ocrx_word' id='word_1_9' title='bbox 458 1226 761 1309; x_wconf 85' lang='lat' dir='ltr'>„Multum</span> <span class='ocrx_word' id='word_1_10' title='bbox 821 1228 1020 1294; x_wconf 83' lang='lat' dir='ltr'>debeo</span> <span class='ocrx_word' id='word_1_11' title='bbox 1070 1231 1440 1316; x_wconf 82' lang='lat' dir='ltr'>politissimo</span> <span class='ocrx_word' id='word_1_12' title='bbox 1492 1215 1797 1316; x_wconf 85' lang='lat' dir='ltr'>Francio‚</span> <span class='ocrx_word' id='word_1_13' title='bbox 1868 1230 2230 1295; x_wconf 84' lang='lat' dir='ltr'>Broukhusi</span> <span class='ocrx_word' id='word_1_14' title='bbox 2279 1233 2406 1297; x_wconf 79' lang='lat' dir='ltr'>lec-</span> 
     </span>
     <span class='ocr_line' id='line_1_6' title="bbox 352 1338 2409 1437; baseline 0.004 -28"><span class='ocrx_word' id='word_1_15' title='bbox 352 1346 632 1432; x_wconf 81' lang='lat' dir='ltr'><strong>tissime,</strong></span> <span class='ocrx_word' id='word_1_16' title='bbox 717 1346 881 1433; x_wconf 92' lang='lat' dir='ltr'>quod</span> <span class='ocrx_word' id='word_1_17' title='bbox 960 1349 1096 1435; x_wconf 79' lang='lat' dir='ltr'>ipso</span> <span class='ocrx_word' id='word_1_18' title='bbox 1173 1338 1538 1416; x_wconf 80' lang='lat' dir='ltr'>conciliante</span> <span class='ocrx_word' id='word_1_19' title='bbox 1614 1352 1797 1437; x_wconf 89' lang='lat' dir='ltr'>copia</span> <span class='ocrx_word' id='word_1_20' title='bbox 1868 1352 2024 1415; x_wconf 92' lang='lat' dir='ltr'>mihi</span> <span class='ocrx_word' id='word_1_21' title='bbox 2098 1352 2243 1417; x_wconf 85' lang='lat' dir='ltr'>data</span> <span class='ocrx_word' id='word_1_22' title='bbox 2315 1359 2409 1418; x_wconf 90' lang='lat' dir='ltr'>est</span> 
     </span>
     <span class='ocr_line' id='line_1_7' title="bbox 353 1466 2408 1555; baseline 0.002 -26"><span class='ocrx_word' id='word_1_23' title='bbox 353 1466 706 1530; x_wconf 80' lang='lat' dir='ltr'>suavissimi</span> <span class='ocrx_word' id='word_1_24' title='bbox 779 1468 1090 1531; x_wconf 89' lang='lat' dir='ltr'>convictus</span> <span class='ocrx_word' id='word_1_25' title='bbox 1163 1470 1269 1533; x_wconf 89' lang='lat' dir='ltr'>tui.</span> <span class='ocrx_word' id='word_1_26' title='bbox 1375 1469 1709 1535; x_wconf 86' lang='lat' dir='ltr'>Affirmare</span> <span class='ocrx_word' id='word_1_27' title='bbox 1779 1470 1890 1534; x_wconf 87' lang='lat' dir='ltr'>tibi</span> <span class='ocrx_word' id='word_1_28' title='bbox 1948 1492 2204 1555; x_wconf 89' lang='lat' dir='ltr'>possum</span> <span class='ocrx_word' id='word_1_29' title='bbox 2244 1471 2408 1534; x_wconf 72' lang='lat' dir='ltr'>nihil</span> 
     </span>
     <span class='ocr_line' id='line_1_8' title="bbox 352 1585 2408 1675; baseline 0.002 -27"><span class='ocrx_word' id='word_1_30' title='bbox 352 1585 510 1649; x_wconf 90' lang='lat' dir='ltr'>mihi</span> <span class='ocrx_word' id='word_1_31' title='bbox 559 1588 870 1671; x_wconf 89' lang='lat' dir='ltr'>acceptius</span> <span class='ocrx_word' id='word_1_32' title='bbox 919 1587 1137 1672; x_wconf 83' lang='lat' dir='ltr'>fuisse,</span> <span class='ocrx_word' id='word_1_33' title='bbox 1193 1610 1378 1675; x_wconf 88' lang='lat' dir='ltr'>quam</span> <span class='ocrx_word' id='word_1_34' title='bbox 1429 1611 1640 1654; x_wconf 90' lang='lat' dir='ltr'>coram</span> <span class='ocrx_word' id='word_1_35' title='bbox 1690 1588 1902 1653; x_wconf 87' lang='lat' dir='ltr'>satiari</span> <span class='ocrx_word' id='word_1_36' title='bbox 1943 1590 2297 1654; x_wconf 78' lang='lat' dir='ltr'>laetissimis</span> <span class='ocrx_word' id='word_1_37' title='bbox 2334 1610 2408 1653; x_wconf 87' lang='lat' dir='ltr'>ac</span> 
     </span>
     <span class='ocr_line' id='line_1_9' title="bbox 354 1705 2408 1807; baseline 0.001 -39"><span class='ocrx_word' id='word_1_38' title='bbox 354 1706 830 1807; x_wconf 72' lang='lat' dir='ltr'>elegantissimis</span> <span class='ocrx_word' id='word_1_39' title='bbox 863 1705 1179 1772; x_wconf 87' lang='lat' dir='ltr'>Vberrimi</span> <span class='ocrx_word' id='word_1_40' title='bbox 1211 1708 1450 1793; x_wconf 87' lang='lat' dir='ltr'>Ingenii</span> <span class='ocrx_word' id='word_1_41' title='bbox 1482 1710 1571 1773; x_wconf 91' lang='lat' dir='ltr'>tui</span> <span class='ocrx_word' id='word_1_42' title='bbox 1598 1708 1923 1795; x_wconf 83' lang='lat' dir='ltr'>colloquiis</span> <span class='ocrx_word' id='word_1_43' title='bbox 1945 1759 1962 1793; x_wconf 88' lang='lat'>‚</span> <span class='ocrx_word' id='word_1_44' title='bbox 2016 1721 2077 1773; x_wconf 90' lang='lat' dir='ltr'>et</span> <span class='ocrx_word' id='word_1_45' title='bbox 2114 1708 2408 1794; x_wconf 84' lang='lat' dir='ltr'>amplecti</span> 
     </span>
     <span class='ocr_line' id='line_1_10' title="bbox 360 1816 2418 1911; baseline 0.001 -22"><span class='ocrx_word' id='word_1_46' title='bbox 360 1846 612 1905; x_wconf 87' lang='lat' dir='ltr'>coram,</span> <span class='ocrx_word' id='word_1_47' title='bbox 685 1826 862 1911; x_wconf 89' lang='lat' dir='ltr'>cujus</span> <span class='ocrx_word' id='word_1_48' title='bbox 931 1827 1157 1891; x_wconf 84' lang='lat' dir='ltr'>absens</span> <span class='ocrx_word' id='word_1_49' title='bbox 1221 1828 1557 1894; x_wconf 83' lang='lat' dir='ltr'>admirator</span> <span class='ocrx_word' id='word_1_50' title='bbox 1620 1828 1858 1893; x_wconf 88' lang='lat' dir='ltr'>fueram</span> <span class='ocrx_word' id='word_1_51' title='bbox 1908 1830 2234 1893; x_wconf 86' lang='lat' dir='ltr'>maximus.</span> <span class='ocrx_word' id='word_1_52' title='bbox 2334 1816 2418 1891; x_wconf 51' lang='lat' dir='ltr'>In‘</span> 
     </span>
     <span class='ocr_line' id='line_1_11' title="bbox 357 1938 2406 2032; baseline 0.001 -24"><span class='ocrx_word' id='word_1_53' title='bbox 357 1944 456 2021; x_wconf 75' lang='lat' dir='ltr'>Te</span> <span class='ocrx_word' id='word_1_54' title='bbox 528 1938 934 2032; x_wconf 82' lang='lat' dir='ltr'>contemplari</span> <span class='ocrx_word' id='word_1_55' title='bbox 1007 1947 1159 2011; x_wconf 92' lang='lat' dir='ltr'>mihi</span> <span class='ocrx_word' id='word_1_56' title='bbox 1235 1948 1450 2012; x_wconf 88' lang='lat' dir='ltr'>videor</span> <span class='ocrx_word' id='word_1_57' title='bbox 1520 1948 1887 2014; x_wconf 86' lang='lat' dir='ltr'>fortissimos</span> <span class='ocrx_word' id='word_1_58' title='bbox 1959 1949 2102 2013; x_wconf 85' lang='lat' dir='ltr'>illos</span> <span class='ocrx_word' id='word_1_59' title='bbox 2150 1948 2406 2013; x_wconf 90' lang='lat' dir='ltr'>Romuli</span> 
     </span>
     <span class='ocr_line' id='line_1_12' title="bbox 355 2066 2405 2153; baseline 0.001 -24"><span class='ocrx_word' id='word_1_60' title='bbox 355 2078 657 2151; x_wconf 83' lang='lat' dir='ltr'>nepotes,</span> <span class='ocrx_word' id='word_1_61' title='bbox 734 2067 838 2153; x_wconf 91' lang='lat' dir='ltr'>qui</span> <span class='ocrx_word' id='word_1_62' title='bbox 908 2067 969 2131; x_wconf 87' lang='lat' dir='ltr'>in</span> <span class='ocrx_word' id='word_1_63' title='bbox 1041 2068 1316 2153; x_wconf 90' lang='lat' dir='ltr'>utrisque</span> <span class='ocrx_word' id='word_1_64' title='bbox 1383 2068 1600 2133; x_wconf 87' lang='lat' dir='ltr'>castris</span> <span class='ocrx_word' id='word_1_65' title='bbox 1666 2068 1983 2134; x_wconf 87' lang='lat' dir='ltr'>Minervae</span> <span class='ocrx_word' id='word_1_66' title='bbox 2052 2090 2125 2133; x_wconf 89' lang='lat' dir='ltr'>ac</span> <span class='ocrx_word' id='word_1_67' title='bbox 2190 2066 2405 2131; x_wconf 88' lang='lat' dir='ltr'>Martis</span> 
     </span>
     <span class='ocr_line' id='line_1_13' title="bbox 354 2176 2404 2268; baseline 0 -20"><span class='ocrx_word' id='word_1_68' title='bbox 354 2176 684 2251; x_wconf 78' lang='lat' dir='ltr'>mereb&#39;ant</span> <span class='ocrx_word' id='word_1_69' title='bbox 746 2186 1170 2251; x_wconf 86' lang='lat' dir='ltr'>felicissime”.</span> <span class='ocrx_word' id='word_1_70' title='bbox 1207 2236 1219 2249; x_wconf 91' lang='lat'><strong>.</strong></span> <span class='ocrx_word' id='word_1_71' title='bbox 1252 2237 1265 2251; x_wconf 94' lang='lat'><strong>.</strong></span> <span class='ocrx_word' id='word_1_72' title='bbox 1297 2238 1311 2252; x_wconf 87' lang='lat'><strong>.</strong></span> <span class='ocrx_word' id='word_1_73' title='bbox 1381 2186 1633 2268; x_wconf 78' lang='lat' dir='ltr'>„Quare</span> <span class='ocrx_word' id='word_1_74' title='bbox 1683 2188 1732 2251; x_wconf 91' lang='lat' dir='ltr'>si</span> <span class='ocrx_word' id='word_1_75' title='bbox 1785 2208 1904 2251; x_wconf 90' lang='lat' dir='ltr'>non</span> <span class='ocrx_word' id='word_1_76' title='bbox 1954 2186 2234 2251; x_wconf 78' lang='lat' dir='ltr'>fastidias</span> <span class='ocrx_word' id='word_1_77' title='bbox 2286 2186 2404 2249; x_wconf 88' lang='lat' dir='ltr'>vir-</span> 
     </span>
     <span class='ocr_line' id='line_1_14' title="bbox 357 2304 2409 2391; baseline 0 -24"><span class='ocrx_word' id='word_1_78' title='bbox 357 2308 558 2367; x_wconf 90' lang='lat' dir='ltr'>tutum</span> <span class='ocrx_word' id='word_1_79' title='bbox 608 2310 850 2369; x_wconf 87' lang='lat' dir='ltr'>tuarum</span> <span class='ocrx_word' id='word_1_80' title='bbox 901 2306 1240 2391; x_wconf 82' lang='lat' dir='ltr'>cultorem,</span> <span class='ocrx_word' id='word_1_81' title='bbox 1309 2304 1599 2370; x_wconf 81' lang='lat' dir='ltr'>admittas</span> <span class='ocrx_word' id='word_1_82' title='bbox 1650 2326 1732 2369; x_wconf 84' lang='lat' dir='ltr'>ex</span> <span class='ocrx_word' id='word_1_83' title='bbox 1780 2306 1901 2370; x_wconf 93' lang='lat' dir='ltr'>hoc</span> <span class='ocrx_word' id='word_1_84' title='bbox 1951 2305 2052 2370; x_wconf 91' lang='lat' dir='ltr'>die</span> <span class='ocrx_word' id='word_1_85' title='bbox 2100 2325 2202 2368; x_wconf 89' lang='lat' dir='ltr'>me</span> <span class='ocrx_word' id='word_1_86' title='bbox 2250 2305 2409 2369; x_wconf 86' lang='lat' dir='ltr'>inter</span> 
     </span>
     <span class='ocr_line' id='line_1_15' title="bbox 355 2422 2406 2517; baseline 0 -30"><span class='ocrx_word' id='word_1_87' title='bbox 355 2423 560 2517; x_wconf 54' lang='lat' dir='ltr'>illos„</span> <span class='ocrx_word' id='word_1_88' title='bbox 619 2429 771 2510; x_wconf 82' lang='lat' dir='ltr'>quos</span> <span class='ocrx_word' id='word_1_89' title='bbox 843 2422 1276 2489; x_wconf 82' lang='lat' dir='ltr'>benevolentia</span> <span class='ocrx_word' id='word_1_90' title='bbox 1347 2433 1452 2489; x_wconf 86' lang='lat' dir='ltr'>tua</span> <span class='ocrx_word' id='word_1_91' title='bbox 1525 2424 1840 2489; x_wconf 86' lang='lat' dir='ltr'>arbitraris</span> <span class='ocrx_word' id='word_1_92' title='bbox 1916 2424 2158 2509; x_wconf 90' lang='lat' dir='ltr'>dignos.</span> <span class='ocrx_word' id='word_1_93' title='bbox 2266 2422 2406 2507; x_wconf 85' lang='lat' dir='ltr'>Ego</span> 
     </span>
     <span class='ocr_line' id='line_1_16' title="bbox 361 2542 2411 2630; baseline -0 -23"><span class='ocrx_word' id='word_1_94' title='bbox 361 2550 656 2629; x_wconf 90' lang='lat' dir='ltr'>quantum</span> <span class='ocrx_word' id='word_1_95' title='bbox 703 2544 766 2607; x_wconf 92' lang='lat' dir='ltr'>in</span> <span class='ocrx_word' id='word_1_96' title='bbox 815 2565 917 2622; x_wconf 83' lang='lat' dir='ltr'>me</span> <span class='ocrx_word' id='word_1_97' title='bbox 968 2545 1108 2629; x_wconf 81' lang='lat' dir='ltr'>erit,</span> <span class='ocrx_word' id='word_1_98' title='bbox 1180 2545 1242 2609; x_wconf 90' lang='lat' dir='ltr'>id</span> <span class='ocrx_word' id='word_1_99' title='bbox 1294 2566 1549 2630; x_wconf 84' lang='lat' dir='ltr'>operam</span> <span class='ocrx_word' id='word_1_100' title='bbox 1600 2544 1807 2629; x_wconf 88' lang='lat' dir='ltr'>dabo,</span> <span class='ocrx_word' id='word_1_101' title='bbox 1861 2566 1938 2609; x_wconf 90' lang='lat' dir='ltr'>ne</span> <span class='ocrx_word' id='word_1_102' title='bbox 1986 2552 2047 2607; x_wconf 89' lang='lat' dir='ltr'>te</span> <span class='ocrx_word' id='word_1_103' title='bbox 2095 2542 2411 2629; x_wconf 87' lang='lat' dir='ltr'>poeniteat</span> 
     </span>
     <span class='ocr_line' id='line_1_17' title="bbox 357 2661 2407 2747; baseline -0 -22"><span class='ocrx_word' id='word_1_104' title='bbox 357 2662 784 2747; x_wconf 86' lang='lat' dir='ltr'>propensioris</span> <span class='ocrx_word' id='word_1_105' title='bbox 855 2664 944 2727; x_wconf 90' lang='lat' dir='ltr'>tui</span> <span class='ocrx_word' id='word_1_106' title='bbox 991 2664 1050 2726; x_wconf 90' lang='lat' dir='ltr'>in</span> <span class='ocrx_word' id='word_1_107' title='bbox 1099 2685 1202 2727; x_wconf 89' lang='lat' dir='ltr'>me</span> <span class='ocrx_word' id='word_1_108' title='bbox 1251 2665 1458 2728; x_wconf 86' lang='lat' dir='ltr'>animi.</span> <span class='ocrx_word' id='word_1_109' title='bbox 1560 2663 1627 2727; x_wconf 80' lang='lat' dir='ltr'>Si</span> <span class='ocrx_word' id='word_1_110' title='bbox 1676 2662 1798 2727; x_wconf 85' lang='lat' dir='ltr'>fert</span> <span class='ocrx_word' id='word_1_111' title='bbox 1846 2662 2085 2726; x_wconf 88' lang='lat' dir='ltr'>animus</span> <span class='ocrx_word' id='word_1_112' title='bbox 2136 2661 2407 2727; x_wconf 86' lang='lat' dir='ltr'>revisere</span> 
     </span>
     <span class='ocr_line' id='line_1_18' title="bbox 361 2780 2408 2869; baseline 0.001 -27"><span class='ocrx_word' id='word_1_113' title='bbox 361 2780 693 2865; x_wconf 87' lang='lat' dir='ltr'>aliquando</span> <span class='ocrx_word' id='word_1_114' title='bbox 743 2782 947 2867; x_wconf 86' lang='lat' dir='ltr'>prima</span> <span class='ocrx_word' id='word_1_115' title='bbox 995 2782 1253 2847; x_wconf 88' lang='lat' dir='ltr'>militiae</span> <span class='ocrx_word' id='word_1_116' title='bbox 1303 2790 1447 2848; x_wconf 88' lang='lat' dir='ltr'>tuae</span> <span class='ocrx_word' id='word_1_117' title='bbox 1498 2782 1841 2868; x_wconf 85' lang='lat' dir='ltr'>stipendia,</span> <span class='ocrx_word' id='word_1_118' title='bbox 1894 2802 2126 2869; x_wconf 89' lang='lat' dir='ltr'>quaeso</span> <span class='ocrx_word' id='word_1_119' title='bbox 2178 2780 2258 2845; x_wconf 90' lang='lat' dir='ltr'>ad</span> <span class='ocrx_word' id='word_1_120' title='bbox 2308 2801 2408 2845; x_wconf 88' lang='lat' dir='ltr'>me</span> 
     </span>
     <span class='ocr_line' id='line_1_19' title="bbox 363 2892 2410 2987; baseline 0 -24"><span class='ocrx_word' id='word_1_121' title='bbox 363 2920 652 2964; x_wconf 87' lang='lat' dir='ltr'>accurras</span> <span class='ocrx_word' id='word_1_122' title='bbox 699 2922 837 2965; x_wconf 90' lang='lat' dir='ltr'>cum</span> <span class='ocrx_word' id='word_1_123' title='bbox 875 2892 1184 2965; x_wconf 80' lang='lat' dir='ltr'>communi</span> <span class='ocrx_word' id='word_1_124' title='bbox 1211 2902 1412 2966; x_wconf 88' lang='lat' dir='ltr'>amico</span> <span class='ocrx_word' id='word_1_125' title='bbox 1441 2901 1542 2966; x_wconf 78' lang='lat' dir='ltr'>Ol:</span> <span class='ocrx_word' id='word_1_126' title='bbox 1585 2901 1883 2986; x_wconf 82' lang='lat' dir='ltr'>Francio,</span> <span class='ocrx_word' id='word_1_127' title='bbox 1929 2908 1990 2965; x_wconf 90' lang='lat' dir='ltr'>et</span> <span class='ocrx_word' id='word_1_128' title='bbox 2015 2902 2129 2966; x_wconf 85' lang='lat' dir='ltr'>erit</span> <span class='ocrx_word' id='word_1_129' title='bbox 2154 2908 2410 2987; x_wconf 88' lang='lat' dir='ltr'>uterque</span> 
     </span>
     <span class='ocr_line' id='line_1_20' title="bbox 361 3018 2411 3106; baseline 0 -24"><span class='ocrx_word' id='word_1_130' title='bbox 361 3018 594 3105; x_wconf 86' lang='lat' dir='ltr'>hospes</span> <span class='ocrx_word' id='word_1_131' title='bbox 643 3020 796 3084; x_wconf 89' lang='lat' dir='ltr'>mihi</span> <span class='ocrx_word' id='word_1_132' title='bbox 842 3019 1298 3105; x_wconf 76' lang='lat' dir='ltr'>gratissimu8.”</span> <span class='ocrx_word' id='word_1_133' title='bbox 1323 3071 1336 3085; x_wconf 92' lang='lat'><strong><em>.</em></strong></span> <span class='ocrx_word' id='word_1_134' title='bbox 1368 3072 1381 3085; x_wconf 92' lang='lat'>.</span> <span class='ocrx_word' id='word_1_135' title='bbox 1415 3071 1428 3085; x_wconf 92' lang='lat'><strong><em>.</em></strong></span> <span class='ocrx_word' id='word_1_136' title='bbox 1483 3020 1782 3085; x_wconf 80' lang='lat' dir='ltr'>Codicem</span> <span class='ocrx_word' id='word_1_137' title='bbox 1813 3020 1945 3086; x_wconf 78' lang='lat' dir='ltr'>MS.</span> <span class='ocrx_word' id='word_1_138' title='bbox 1982 3020 2296 3106; x_wconf 87' lang='lat' dir='ltr'>Propertii</span> <span class='ocrx_word' id='word_1_139' title='bbox 2329 3040 2411 3084; x_wconf 84' lang='lat' dir='ltr'>ex</span> 
     </span>
     <span class='ocr_line' id='line_1_21' title="bbox 362 3138 2179 3225; baseline 0.001 -23"><span class='ocrx_word' id='word_1_140' title='bbox 362 3138 746 3204; x_wconf 88' lang='lat' dir='ltr'>bibliotheca</span> <span class='ocrx_word' id='word_1_141' title='bbox 795 3138 1176 3204; x_wconf 82' lang='lat' dir='ltr'>Academica</span> <span class='ocrx_word' id='word_1_142' title='bbox 1206 3143 1253 3225; x_wconf 76' lang='lat'>³)</span> <span class='ocrx_word' id='word_1_143' title='bbox 1299 3140 1437 3206; x_wconf 90' lang='lat' dir='ltr'>heri</span> <span class='ocrx_word' id='word_1_144' title='bbox 1487 3141 1566 3205; x_wconf 89' lang='lat' dir='ltr'>ad</span> <span class='ocrx_word' id='word_1_145' title='bbox 1616 3141 1949 3205; x_wconf 85' lang='lat' dir='ltr'>Francium</span> <span class='ocrx_word' id='word_1_146' title='bbox 1997 3140 2179 3204; x_wconf 86' lang='lat' dir='ltr'>misit.</span> 
     </span>
    </p>
   </div>
   <div class='ocr_carea' id='block_1_5' title="bbox 463 3256 2157 3345">
    <p class='ocr_par' dir='ltr' id='par_1_5' title="bbox 463 3256 2157 3345">
     <span class='ocr_line' id='line_1_22' title="bbox 463 3256 2157 3345; baseline 0 -23"><span class='ocrx_word' id='word_1_147' title='bbox 463 3257 670 3337; x_wconf 84' lang='lat' dir='ltr'>Gron:</span> <span class='ocrx_word' id='word_1_148' title='bbox 723 3260 782 3325; x_wconf 92' lang='lat' dir='ltr'>in</span> <span class='ocrx_word' id='word_1_149' title='bbox 831 3259 1069 3345; x_wconf 82' lang='lat' dir='ltr'>Frisijs.</span> <span class='ocrx_word' id='word_1_150' title='bbox 1122 3260 1238 3325; x_wconf 90' lang='lat' dir='ltr'>XI.</span> <span class='ocrx_word' id='word_1_151' title='bbox 1293 3258 1431 3326; x_wconf 89' lang='lat' dir='ltr'>Oct.</span> <span class='ocrx_word' id='word_1_152' title='bbox 1483 3256 2157 3325; x_wconf 81' lang='lat' dir='ltr'><strong>OIOIOOLXXXVII.</strong></span> 
     </span>
    </p>
   </div>
   <div class='ocr_carea' id='block_1_6' title="bbox 1183 3430 1589 3448">
    <p class='ocr_par' dir='ltr' id='par_1_6' title="bbox 1183 3430 1589 3448">
     <span class='ocr_line' id='line_1_23' title="bbox 1183 3430 1589 3448; baseline 0 -1"><span class='ocrx_word' id='word_1_153' title='bbox 1183 3430 1589 3448; x_wconf 59' lang='lat' dir='ltr'>mmm</span> 
     </span>
    </p>
   </div>
   <div class='ocr_carea' id='block_1_7' title="bbox 362 3550 772 3562">
    <p class='ocr_par' dir='ltr' id='par_1_7' title="bbox 362 3550 772 3562">
     <span class='ocr_line' id='line_1_24' title="bbox 362 3550 772 3562; baseline 0 0"><span class='ocrx_word' id='word_1_154' title='bbox 362 3550 772 3562; x_wconf 95' lang='lat' dir='ltr'> </span> 
     </span>
    </p>
   </div>
   <div class='ocr_carea' id='block_1_8' title="bbox 465 3680 1543 3763">
    <p class='ocr_par' dir='ltr' id='par_1_8' title="bbox 465 3680 1543 3763">
     <span class='ocr_line' id='line_1_25' title="bbox 465 3680 1543 3763; baseline 0.001 -22"><span class='ocrx_word' id='word_1_155' title='bbox 465 3680 506 3758; x_wconf 81' lang='grc' dir='ltr'>ι)</span> <span class='ocrx_word' id='word_1_156' title='bbox 592 3685 664 3742; x_wconf 92' lang='lat' dir='ltr'>In</span> <span class='ocrx_word' id='word_1_157' title='bbox 707 3684 1091 3744; x_wconf 80' lang='lat' dir='ltr'>Bibliotheca</span> <span class='ocrx_word' id='word_1_158' title='bbox 1134 3682 1543 3763; x_wconf 88' lang='lat' dir='ltr'>Lugdunensi.</span> 
     </span>
    </p>
   </div>
   <div class='ocr_carea' id='block_1_9' title="bbox 363 3792 2436 4473">
    <p class='ocr_par' dir='ltr' id='par_1_9' title="bbox 363 3792 2436 4473">
     <span class='ocr_line' id='line_1_26' title="bbox 455 3792 2407 3874; baseline -0.001 -19"><span class='ocrx_word' id='word_1_159' title='bbox 455 3792 505 3869; x_wconf 76' lang='grc'>2)</span> <span class='ocrx_word' id='word_1_160' title='bbox 593 3796 862 3855; x_wconf 82' lang='lat' dir='ltr'>Joannes</span> <span class='ocrx_word' id='word_1_161' title='bbox 921 3796 1275 3874; x_wconf 85' lang='lat' dir='ltr'>Mensinga,</span> <span class='ocrx_word' id='word_1_162' title='bbox 1337 3796 1801 3873; x_wconf 81' lang='lat' dir='ltr'>Groninganus,</span> <span class='ocrx_word' id='word_1_163' title='bbox 1866 3800 2047 3855; x_wconf 88' lang='lat' dir='ltr'>natus</span> <span class='ocrx_word' id='word_1_164' title='bbox 2106 3814 2159 3854; x_wconf 88' lang='lat' dir='ltr'>a.</span> <span class='ocrx_word' id='word_1_165' title='bbox 2214 3796 2407 3869; x_wconf 88' lang='lat'>1635,</span> 
     </span>
     <span class='ocr_line' id='line_1_27' title="bbox 363 3880 2436 3959; baseline 0 -20"><span class='ocrx_word' id='word_1_166' title='bbox 363 3882 787 3959; x_wconf 86' lang='lat' dir='ltr'>philosophiae</span> <span class='ocrx_word' id='word_1_167' title='bbox 833 3888 894 3941; x_wconf 90' lang='lat' dir='ltr'>et</span> <span class='ocrx_word' id='word_1_168' title='bbox 923 3882 1142 3941; x_wconf 86' lang='lat' dir='ltr'>litteris</span> <span class='ocrx_word' id='word_1_169' title='bbox 1173 3882 1495 3941; x_wconf 85' lang='lat' dir='ltr'>studebat&#39;</span> <span class='ocrx_word' id='word_1_170' title='bbox 1477 3900 1541 3939; x_wconf 83' lang='lat' dir='ltr'>ln</span> <span class='ocrx_word' id='word_1_171' title='bbox 1565 3883 1715 3940; x_wconf 92' lang='lat' dir='ltr'>urbe</span> <span class='ocrx_word' id='word_1_172' title='bbox 1735 3881 1971 3959; x_wconf 86' lang='lat' dir='ltr'>patria,</span> <span class='ocrx_word' id='word_1_173' title='bbox 2016 3880 2436 3958; x_wconf 75' lang='lat' dir='ltr'>Franequeri,‘</span> 
     </span>
     <span class='ocr_line' id='line_1_28' title="bbox 363 3966 2409 4051; baseline -0 -26"><span class='ocrx_word' id='word_1_174' title='bbox 363 3968 766 4043; x_wconf 85' lang='lat' dir='ltr'>Daventriae,</span> <span class='ocrx_word' id='word_1_175' title='bbox 800 3968 1109 4051; x_wconf 89' lang='lat' dir='ltr'>Lugduni.</span> <span class='ocrx_word' id='word_1_176' title='bbox 1178 3967 1442 4025; x_wconf 85' lang='lat' dir='ltr'>Vivebat</span> <span class='ocrx_word' id='word_1_177' title='bbox 1483 3967 1867 4045; x_wconf 84' lang='lat' dir='ltr'>Edelbergae</span> <span class='ocrx_word' id='word_1_178' title='bbox 1892 3971 1953 4026; x_wconf 90' lang='lat' dir='ltr'>et</span> <span class='ocrx_word' id='word_1_179' title='bbox 1982 3966 2409 4044; x_wconf 82' lang='lat' dir='ltr'>Argentorati3</span> 
     </span>
     <span class='ocr_line' id='line_1_29' title="bbox 365 4050 2413 4129; baseline 0 -18"><span class='ocrx_word' id='word_1_180' title='bbox 365 4052 509 4111; x_wconf 90' lang='lat' dir='ltr'>inde</span> <span class='ocrx_word' id='word_1_181' title='bbox 575 4054 669 4111; x_wconf 86' lang='lat' dir='ltr'>ab</span> <span class='ocrx_word' id='word_1_182' title='bbox 719 4072 877 4112; x_wconf 89' lang='lat' dir='ltr'>anno</span> <span class='ocrx_word' id='word_1_183' title='bbox 945 4054 1102 4110; x_wconf 87' lang='grc'>1665</span> <span class='ocrx_word' id='word_1_184' title='bbox 1165 4054 1224 4109; x_wconf 92' lang='lat' dir='ltr'>in</span> <span class='ocrx_word' id='word_1_185' title='bbox 1286 4052 1616 4110; x_wconf 86' lang='lat' dir='ltr'>Academia</span> <span class='ocrx_word' id='word_1_186' title='bbox 1660 4052 2110 4129; x_wconf 88' lang='lat' dir='ltr'>Teutoburgica</span> <span class='ocrx_word' id='word_1_187' title='bbox 2155 4050 2413 4111; x_wconf 88' lang='lat' dir='ltr'>docebat</span> 
     </span>
     <span class='ocr_line' id='line_1_30' title="bbox 367 4137 2409 4223; baseline -0 -26"><span class='ocrx_word' id='word_1_188' title='bbox 367 4139 811 4214; x_wconf 85' lang='lat' dir='ltr'>eloquentiam,</span> <span class='ocrx_word' id='word_1_189' title='bbox 877 4138 1194 4197; x_wconf 88' lang='lat' dir='ltr'>historiam</span> <span class='ocrx_word' id='word_1_190' title='bbox 1261 4144 1320 4195; x_wconf 92' lang='lat' dir='ltr'>et</span> <span class='ocrx_word' id='word_1_191' title='bbox 1384 4137 1656 4223; x_wconf 83' lang='lat' dir='ltr'>linguam</span> <span class='ocrx_word' id='word_1_192' title='bbox 1718 4138 2043 4212; x_wconf 85' lang='lat' dir='ltr'>Graecam,</span> <span class='ocrx_word' id='word_1_193' title='bbox 2112 4139 2189 4196; x_wconf 90' lang='lat' dir='ltr'>ab</span> <span class='ocrx_word' id='word_1_194' title='bbox 2250 4156 2409 4197; x_wconf 90' lang='lat' dir='ltr'>anno</span> 
     </span>
     <span class='ocr_line' id='line_1_31' title="bbox 373 4215 2408 4301; baseline -0.001 -19"><span class='ocrx_word' id='word_1_195' title='bbox 373 4228 534 4282; x_wconf 84' lang='grc'>1669</span> <span class='ocrx_word' id='word_1_196' title='bbox 595 4224 1010 4301; x_wconf 89' lang='lat' dir='ltr'>eloquentiam</span> <span class='ocrx_word' id='word_1_197' title='bbox 1067 4215 1465 4301; x_wconf 87' lang='lat' dir='ltr'>profitebatur</span> <span class='ocrx_word' id='word_1_198' title='bbox 1516 4224 1579 4280; x_wconf 93' lang='lat' dir='ltr'>in</span> <span class='ocrx_word' id='word_1_199' title='bbox 1624 4222 1955 4282; x_wconf 83' lang='lat' dir='ltr'>Academia</span> <span class='ocrx_word' id='word_1_200' title='bbox 2000 4224 2408 4301; x_wconf 82' lang='lat' dir='ltr'>Groningana.</span> 
     </span>
     <span class='ocr_line' id='line_1_32' title="bbox 369 4308 2409 4386; baseline 0 -19"><span class='ocrx_word' id='word_1_201' title='bbox 369 4310 540 4368; x_wconf 89' lang='lat' dir='ltr'>Obiit</span> <span class='ocrx_word' id='word_1_202' title='bbox 598 4310 652 4367; x_wconf 91' lang='lat' dir='ltr'>d.</span> <span class='ocrx_word' id='word_1_203' title='bbox 722 4311 778 4367; x_wconf 82' lang='lat' dir='ltr'><strong>V</strong></span> <span class='ocrx_word' id='word_1_204' title='bbox 844 4309 1047 4368; x_wconf 87' lang='lat' dir='ltr'>Martii</span> <span class='ocrx_word' id='word_1_205' title='bbox 1126 4311 1305 4367; x_wconf 82' lang='lat'><strong>1698.</strong></span> <span class='ocrx_word' id='word_1_206' title='bbox 1413 4308 1761 4386; x_wconf 84' lang='lat' dir='ltr'>Composuit</span> <span class='ocrx_word' id='word_1_207' title='bbox 1826 4309 2095 4367; x_wconf 89' lang='lat' dir='ltr'>carmina</span> <span class='ocrx_word' id='word_1_208' title='bbox 2158 4309 2409 4384; x_wconf 81' lang='lat' dir='ltr'>Latina,</span> 
     </span>
     <span class='ocr_line' id='line_1_33' title="bbox 368 4394 1545 4473; baseline -0.003 -20"><span class='ocrx_word' id='word_1_209' title='bbox 368 4414 622 4471; x_wconf 85' lang='lat' dir='ltr'>quorum</span> <span class='ocrx_word' id='word_1_210' title='bbox 667 4414 863 4473; x_wconf 86' lang='lat' dir='ltr'>pauca</span> <span class='ocrx_word' id='word_1_211' title='bbox 908 4400 1142 4454; x_wconf 85' lang='lat' dir='ltr'>tantum</span> <span class='ocrx_word' id='word_1_212' title='bbox 1189 4394 1346 4452; x_wconf 87' lang='lat' dir='ltr'>edita</span> <span class='ocrx_word' id='word_1_213' title='bbox 1389 4400 1545 4452; x_wconf 88' lang='lat' dir='ltr'>sunt.</span> 
     </span>
    </p>
   </div>
   <div class='ocr_carea' id='block_1_10' title="bbox 463 4501 2409 4587">
    <p class='ocr_par' dir='ltr' id='par_1_10' title="bbox 463 4501 2409 4587">
     <span class='ocr_line' id='line_1_34' title="bbox 463 4501 2409 4587; baseline -0.003 -20"><span class='ocrx_word' id='word_1_214' title='bbox 463 4503 511 4585; x_wconf 79' lang='grc'>3)</span> <span class='ocrx_word' id='word_1_215' title='bbox 545 4507 754 4567; x_wconf 76' lang='lat' dir='ltr'>Codex</span> <span class='ocrx_word' id='word_1_216' title='bbox 769 4507 889 4565; x_wconf 79' lang='lat' dir='ltr'>MS.</span> <span class='ocrx_word' id='word_1_217' title='bbox 908 4506 1204 4585; x_wconf 85' lang='lat' dir='ltr'>Propertii</span> <span class='ocrx_word' id='word_1_218' title='bbox 1221 4505 1665 4587; x_wconf 86' lang='lat' dir='ltr'>Groninganus‚</span> <span class='ocrx_word' id='word_1_219' title='bbox 1691 4504 1950 4563; x_wconf 89' lang='lat' dir='ltr'>antehac</span> <span class='ocrx_word' id='word_1_220' title='bbox 1966 4501 2409 4586; x_wconf 83' lang='lat' dir='ltr'>celeberrimus.</span> 
     </span>
    </p>
   </div>
  </div>
 </body>
</html>
