2975 5209
1321 459 1451 522 119

1269 651 1501 718 XCVI.

803 819 1106 884 Theodoro
1155 820 1416 883 sansonie
1460 819 1533 884 ab
1577 821 1933 886 Almeloveen

1061 932 1232 996 lanus
1278 931 1680 996 Broukhusius.

440 1099 752 1185 Ignosce,
805 1097 920 1165 Vir
970 1099 1390 1184 amicissime,
1446 1096 1613 1185 quod
1659 1117 2028 1184 responsum
2076 1097 2159 1162 ad
2202 1097 2413 1164 literas

328 1223 494 1284 tuas
566 1218 964 1284 suavissimas
1040 1223 1167 1282 tam
1249 1218 1354 1281 diu
1433 1216 1810 1282 distulerim:
1908 1217 2081 1282 mille
2150 1217 2415 1304 negotiis

332 1337 688 1424 distineor,
741 1344 804 1403 et
845 1343 1081 1403 tantum
1133 1359 1255 1402 non
1315 1337 1654 1422 dilaceror,
1710 1357 1868 1423 quae
1915 1336 2025 1401 vix
2072 1337 2225 1401 mihi
2271 1359 2413 1425 per-

331 1458 601 1522 mittunt
645 1464 714 1522 ut
761 1463 945 1523 noctu
998 1479 1290 1523 somnum
1334 1458 1596 1544 capiam.
1679 1456 1807 1523 Pro
1840 1458 1959 1521 tuis
1994 1456 2330 1544 Opusculis
2370 1458 2412 1543 ¹)

330 1577 584 1662 gratias
661 1596 779 1662 ago
857 1576 1135 1642 debitas:
1220 1576 1470 1642 Celsum
1510 1577 1558 1661 2)
1618 1581 1823 1642 tamen
1888 1582 2182 1664 expecto,
2235 1576 2413 1662 cujus

331 1719 454 1762 me
531 1697 715 1762 dictio
766 1697 1022 1762 mirifice
1073 1698 1256 1784 capit.
1362 1696 1464 1760 De
1514 1694 1734 1760 Servio
1783 1697 1869 1760 ita
1918 1693 2191 1762 habeto:
2252 1718 2412 1784 quae

338 1838 502 1882 mea
549 1823 725 1904 sunt,
779 1838 1060 1904 quaeque
1111 1816 1396 1901 Francii,
1451 1816 1783 1901 usurpabis
1832 1816 2077 1902 quando
2132 1822 2195 1882 et
2226 1838 2412 1903 quam

344 1936 468 2001 diu
514 1935 734 2002 'volest
788 1958 907 2000 non
956 1942 1164 2001 tamen
1216 1936 1280 2000 id
1331 1935 1444 2000 tibi
1494 1935 1645 1999 tanti
1681 1956 1817 1999 esse
1851 1934 2072 2020 debet,
2124 1941 2193 2000 ut
2223 1957 2411 2022 prop·

342 2063 530 2147 terea
559 2057 837 2122 remittas
860 2076 1119 2142 operam
1150 2076 1332 2141 quam
1363 2054 1542 2140 ponis
1567 2054 1628 2117 in
1652 2051 1799 2118 Vita
1827 2053 2303 2119 Casauboniana
2338 2057 2407 2139 ³).

344 2175 513 2240 Sunt
585 2175 745 2260 alia,
820 2176 898 2240 de
976 2174 1196 2260 quibus
1278 2182 1336 2238 te
1385 2195 1639 2238 monere
1690 2173 1911 2239 debe0.
2010 2163 2294 2260 Ry'ckius
2322 2177 2407 2260 4),

348 2315 542 2381 quem
589 2294 815 2360 novisti
862 2294 1036 2357 haud
1084 2294 1170 2357 ita
1216 2293 1464 2380 pridem
1516 2292 1950 2358 Professorem
1998 2293 2407 2379 Leidensem,

349 2436 394 2478 a
463 2414 657 2478 multo
717 2414 851 2498 jam
920 2419 1200 2498 tempore
1251 2433 1465 2477 secum
1517 2412 1891 2477 moliebatur
1938 2433 2163 2478 novam
2211 2411 2413 2478 Servii

353 2533 713 2598 editionem.
812 2531 893 2596 Ei
959 2533 1050 2596 rei
1100 2553 1220 2596 non
1269 2553 1533 2617 parvam
1582 2531 2036 2617 supellectilem
2083 2539 2414 2617 paraverat

351 2653 418 2716 in
469 2651 757 2716 schedis:
810 2651 1089 2716 habebat
1138 2657 1346 2716 autem
1398 2651 1558 2714 inter
1607 2651 1728 2714 alia
1776 2657 1897 2715 tres
1932 2651 2179 2716 codices
2214 2651 2414 2716 Servii

349 2772 732 2858 impressos,
811 2770 1304 2856 supplementis,
1391 2769 1968 2857 emendationibuS,
2044 2771 2238 2856 notia,
2292 2777 2408 2837 etc.

358 2883 637 2974 egregie‘
667 2889 946 2955 refertos,
1045 2889 1099 2952 Ii
1148 2888 1398 2953 codices
1453 2889 1737 2953 dicuntur
1786 2890 2099 2954 transiisse
2134 2889 2215 2956 ad
2247 2890 2407 2957 Tob.

353 3007 620 3094 Mylium
654 3011 735 3094 ⁵),
816 3009 1255 3075 Conrectorem
1305 3011 1398 3092 (ut
1446 3010 1693 3092 vocant)
1742 3008 2160 3095 Leidensem,
2210 3010 2410 3096 pretio

357 3148 437 3190 an
487 3127 652 3192 dono
705 3148 823 3212 ego
874 3149 994 3192 non
1047 3128 1250 3192 habeo
1305 3126 1534 3192 dicere.
1636 3125 1817 3191 Nunc
1850 3148 2026 3213 vero,
2083 3134 2413 3215 postquam

354 3246 413 3308 is
462 3245 693 3332 Mylius
744 3248 910 3312 diem
963 3269 1142 3311 suum
1196 3249 1458 3333 clausit,
1512 3269 1814 3333 nusquam
1863 3250 1923 3313 in
1960 3249 2097 3332 ejus
2130 3249 2417 3336 catalogo

459 3464 500 3540 ¹)
589 3467 662 3524 A.
704 3470 865 3526 1686
892 3467 1354 3526 Almelovenius
1378 3465 1567 3526 edidit
1587 3467 2057 3526 Amstelaedami
2086 3470 2414 3546 Opuscula.

445 3555 518 3642 ²)‘
585 3569 823 3628 Celsum
866 3570 1318 3628 Almelovenius
1361 3571 1422 3627 in
1468 3569 1666 3626 lucem
1711 3570 1907 3630 emisit
1952 3589 2003 3628 a.
2055 3573 2237 3629 1687.

451 3667 500 3744 ³)
592 3671 842 3732 Curavit
885 3673 956 3730 A.
1013 3673 1340 3734 editionem
1387 3672 1791 3750 Epistolarum
1838 3673 2212 3749 Casauboni,
2258 3693 2414 3750 quae

359 3775 416 3814 a.
469 3758 627 3816 1709
674 3758 1065 3817 Roterodami
1109 3758 1348 3836 prodiit.

450 3855 500 3932 4)
590 3860 942 3920 Theodorus
986 3862 1257 3938 Ryckius
1304 3862 1777 3936 (1640—1690)
1821 3866 2016 3920 rector
2060 3862 2175 3920 fuit
2228 3863 2410 3939 Gym-

356 3944 515 4002 nasii
560 3944 940 4024 Campensis,
991 3949 1066 4004 ab
1115 3965 1278 4004 anno
1313 3949 1468 4004 1672
1497 3947 1797 4022 professor
1819 3946 2203 4005 historiarum
2228 3953 2413 4023 atque

361 4029 749 4105 eloquentiae
794 4033 856 4089 in
901 4032 1230 4090 Academia
1266 4031 1677 4108 Lugdunensi.
1740 4033 1815 4089 A.
1853 4035 2013 4090 1686
2042 4033 2410 4100 ediditAni-

361 4115 810 4176 madversiones
873 4120 955 4176 ad
1034 4119 1344 4191 Tacitum,
1415 4134 1595 4192 quem
1663 4117 1727 4173 in
1785 4117 2009 4176 librum
2051 4120 2114 4176 B.
2168 4137 2409 4176 carmen

364 4202 692 4278 composuit
753 4203 992 4278 (Poem,
1053 4221 1190 4279 pag.
1256 4204 1400 4275 309)
1462 4219 1584 4259 non
1640 4203 2020 4278 absolutum3
2080 4205 2143 4262 in
2204 4203 2409 4262 codice

361 4303 540 4342 manu
585 4287 807 4364 scripto
855 4288 1114 4364 ascripta
1159 4293 1299 4346 sunt
1330 4289 1545 4345 verba:
1600 4288 1930 4360 „hactenus
1956 4295 2079 4348 tum
2104 4290 2403 4366 temporis.

360 4369 534 4428 Nunc
577 4378 811 4431 mortuo
856 4373 1090 4449 Ryckio
1135 4391 1257 4432 non
1304 4373 1454 4432 libet
1498 4373 1843 4449 perficere.”

449 4469 500 4546 ³)
587 4473 814 4552 Ignoro
857 4475 1179 4533 hominem.
