<?xml version="1.0" encoding="UTF-8"?>
<!DOCTYPE html PUBLIC "-//W3C//DTD XHTML 1.0 Transitional//EN"
    "http://www.w3.org/TR/xhtml1/DTD/xhtml1-transitional.dtd">
<html xmlns="http://www.w3.org/1999/xhtml" xml:lang="en" lang="en">
 <head>
  <title>
</title>
<meta http-equiv="Content-Type" content="text/html;charset=utf-8" />
  <meta name='ocr-system' content='tesseract 3.04.00' />
  <meta name='ocr-capabilities' content='ocr_page ocr_carea ocr_par ocr_line ocrx_word'/>
</head>
<body>
  <div class='ocr_page' id='page_1' title='image "./epistolaeselect00worpgoog_0099.png"; bbox 0 0 2975 5209; ppageno 0'>
   <div class='ocr_carea' id='block_1_1' title="bbox 1339 477 1426 542">
    <p class='ocr_par' dir='ltr' id='par_1_1' title="bbox 1339 477 1426 542">
     <span class='ocr_line' id='line_1_1' title="bbox 1339 477 1426 542; baseline -0.011 0"><span class='ocrx_word' id='word_1_1' title='bbox 1339 477 1426 542; x_wconf 85' lang='lat'>85</span> 
     </span>
    </p>
   </div>
   <div class='ocr_carea' id='block_1_2' title="bbox 356 671 2412 760">
    <p class='ocr_par' dir='ltr' id='par_1_2' title="bbox 356 671 2412 760">
     <span class='ocr_line' id='line_1_2' title="bbox 356 671 2412 760; baseline 0.001 -22"><span class='ocrx_word' id='word_1_2' title='bbox 356 674 542 738; x_wconf 85' lang='lat' dir='ltr'>nibus</span> <span class='ocrx_word' id='word_1_3' title='bbox 617 671 934 738; x_wconf 88' lang='lat' dir='ltr'>hominum</span> <span class='ocrx_word' id='word_1_4' title='bbox 1010 672 1369 758; x_wconf 82' lang='lat' dir='ltr'>doctorum,</span> <span class='ocrx_word' id='word_1_5' title='bbox 1445 671 1559 737; x_wconf 91' lang='lat' dir='ltr'>sed</span> <span class='ocrx_word' id='word_1_6' title='bbox 1636 694 1795 760; x_wconf 86' lang='lat' dir='ltr'>quae</span> <span class='ocrx_word' id='word_1_7' title='bbox 1862 674 2160 740; x_wconf 84' lang='lat' dir='ltr'>hactenus</span> <span class='ocrx_word' id='word_1_8' title='bbox 2209 675 2412 741; x_wconf 88' lang='lat' dir='ltr'>lucem</span> 
     </span>
    </p>
   </div>
   <div class='ocr_carea' id='block_1_3' title="bbox 353 792 2544 882">
    <p class='ocr_par' dir='ltr' id='par_1_3' title="bbox 353 792 2544 882">
     <span class='ocr_line' id='line_1_3' title="bbox 353 792 2544 882; baseline 0.001 -23"><span class='ocrx_word' id='word_1_9' title='bbox 353 794 634 859; x_wconf 90' lang='lat' dir='ltr'>nondum</span> <span class='ocrx_word' id='word_1_10' title='bbox 686 792 984 877; x_wconf 77' lang='lat' dir='ltr'>viderint,</span> <span class='ocrx_word' id='word_1_11' title='bbox 1041 814 1118 857; x_wconf 90' lang='lat' dir='ltr'>ne</span> <span class='ocrx_word' id='word_1_12' title='bbox 1168 794 1276 857; x_wconf 82' lang='lat' dir='ltr'>fiat</span> <span class='ocrx_word' id='word_1_13' title='bbox 1323 799 1570 858; x_wconf 84' lang='lat' dir='ltr'>recocta</span> <span class='ocrx_word' id='word_1_14' title='bbox 1619 793 1889 858; x_wconf 82' lang='lat' dir='ltr'>crambe.</span> <span class='ocrx_word' id='word_1_15' title='bbox 1991 794 2124 882; x_wconf 81' lang='lat' dir='ltr'>Tu,</span> <span class='ocrx_word' id='word_1_16' title='bbox 2178 797 2264 859; x_wconf 90' lang='lat' dir='ltr'>mi</span> <span class='ocrx_word' id='word_1_17' title='bbox 2301 796 2414 861; x_wconf 85' lang='lat' dir='ltr'>Al·</span> <span class='ocrx_word' id='word_1_18' title='bbox 2537 828 2544 837; x_wconf 95' lang='lat'><strong>·</strong></span> 
     </span>
    </p>
   </div>
   <div class='ocr_carea' id='block_1_4' title="bbox 350 912 2489 1962">
    <p class='ocr_par' dir='ltr' id='par_1_4' title="bbox 350 912 2489 1962">
     <span class='ocr_line' id='line_1_4' title="bbox 353 912 2409 1003; baseline 0.001 -24"><span class='ocrx_word' id='word_1_19' title='bbox 353 914 705 999; x_wconf 86' lang='lat' dir='ltr'>meloveni,</span> <span class='ocrx_word' id='word_1_20' title='bbox 783 914 835 977; x_wconf 90' lang='lat' dir='ltr'>si</span> <span class='ocrx_word' id='word_1_21' title='bbox 907 913 1019 978; x_wconf 85' lang='lat' dir='ltr'>viri</span> <span class='ocrx_word' id='word_1_22' title='bbox 1100 912 1421 977; x_wconf 86' lang='lat' dir='ltr'>consilium</span> <span class='ocrx_word' id='word_1_23' title='bbox 1482 914 1753 999; x_wconf 79' lang='lat' dir='ltr'>probas,</span> <span class='ocrx_word' id='word_1_24' title='bbox 1809 920 1870 979; x_wconf 83' lang='lat' dir='ltr'>et</span> <span class='ocrx_word' id='word_1_25' title='bbox 1910 916 2138 1001; x_wconf 84' lang='lat' dir='ltr'>juvare</span> <span class='ocrx_word' id='word_1_26' title='bbox 2186 922 2409 1003; x_wconf 85' lang='lat' dir='ltr'>potes,</span> 
     </span>
     <span class='ocr_line' id='line_1_5' title="bbox 353 1031 2416 1122; baseline 0.002 -23"><span class='ocrx_word' id='word_1_27' title='bbox 353 1035 586 1099; x_wconf 83' lang='lat' dir='ltr'>amabo</span> <span class='ocrx_word' id='word_1_28' title='bbox 636 1034 735 1099; x_wconf 84' lang='lat' dir='ltr'>fac</span> <span class='ocrx_word' id='word_1_29' title='bbox 783 1033 993 1097; x_wconf 83' lang='lat' dir='ltr'>sciam.</span> <span class='ocrx_word' id='word_1_30' title='bbox 1097 1031 1260 1096; x_wconf 86' lang='lat' dir='ltr'>Tum</span> <span class='ocrx_word' id='word_1_31' title='bbox 1310 1039 1371 1097; x_wconf 82' lang='lat' dir='ltr'>et</span> <span class='ocrx_word' id='word_1_32' title='bbox 1423 1032 1577 1096; x_wconf 88' lang='lat' dir='ltr'>illud</span> <span class='ocrx_word' id='word_1_33' title='bbox 1628 1034 1823 1120; x_wconf 85' lang='lat' dir='ltr'>adde,</span> <span class='ocrx_word' id='word_1_34' title='bbox 1865 1036 2012 1122; x_wconf 92' lang='lat' dir='ltr'>quid</span> <span class='ocrx_word' id='word_1_35' title='bbox 2045 1038 2267 1102; x_wconf 70' lang='lat' dir='ltr'>mentis</span> <span class='ocrx_word' id='word_1_36' title='bbox 2302 1038 2416 1103; x_wconf 77' lang='lat' dir='ltr'>tibi</span> 
     </span>
     <span class='ocr_line' id='line_1_6' title="bbox 353 1152 2416 1242; baseline 0.002 -24"><span class='ocrx_word' id='word_1_37' title='bbox 353 1156 440 1218; x_wconf 86' lang='lat' dir='ltr'>sit</span> <span class='ocrx_word' id='word_1_38' title='bbox 487 1174 674 1240; x_wconf 87' lang='lat' dir='ltr'>super</span> <span class='ocrx_word' id='word_1_39' title='bbox 721 1152 1023 1239; x_wconf 82' lang='lat' dir='ltr'>Epistolis</span> <span class='ocrx_word' id='word_1_40' title='bbox 1079 1153 1387 1217; x_wconf 85' lang='lat' dir='ltr'>clarorum</span> <span class='ocrx_word' id='word_1_41' title='bbox 1436 1154 1752 1239; x_wconf 84' lang='lat' dir='ltr'>virorum,</span> <span class='ocrx_word' id='word_1_42' title='bbox 1808 1154 1886 1219; x_wconf 92' lang='lat' dir='ltr'>de</span> <span class='ocrx_word' id='word_1_43' title='bbox 1939 1155 2160 1242; x_wconf 90' lang='lat' dir='ltr'>quibus</span> <span class='ocrx_word' id='word_1_44' title='bbox 2200 1158 2416 1223; x_wconf 87' lang='lat' dir='ltr'>nonni-</span> 
     </span>
     <span class='ocr_line' id='line_1_7' title="bbox 353 1273 2418 1361; baseline 0.002 -22"><span class='ocrx_word' id='word_1_45' title='bbox 353 1275 449 1339; x_wconf 87' lang='lat' dir='ltr'>hil</span> <span class='ocrx_word' id='word_1_46' title='bbox 523 1274 582 1338; x_wconf 89' lang='lat' dir='ltr'>in</span> <span class='ocrx_word' id='word_1_47' title='bbox 655 1273 1082 1359; x_wconf 88' lang='lat' dir='ltr'>superioribus</span> <span class='ocrx_word' id='word_1_48' title='bbox 1162 1273 1240 1336; x_wconf 80' lang='lat' dir='ltr'>ad</span> <span class='ocrx_word' id='word_1_49' title='bbox 1308 1274 1598 1338; x_wconf 79' lang='lat' dir='ltr'>metuis.</span> <span class='ocrx_word' id='word_1_50' title='bbox 1701 1273 1878 1347; x_wconf 84' lang='lat' dir='ltr'>Quae</span> <span class='ocrx_word' id='word_1_51' title='bbox 1929 1296 2069 1339; x_wconf 89' lang='lat' dir='ltr'>cum</span> <span class='ocrx_word' id='word_1_52' title='bbox 2111 1277 2247 1361; x_wconf 85' lang='lat' dir='ltr'>jam</span> <span class='ocrx_word' id='word_1_53' title='bbox 2284 1299 2418 1343; x_wconf 87' lang='lat' dir='ltr'>non</span> 
     </span>
     <span class='ocr_line' id='line_1_8' title="bbox 352 1394 2417 1482; baseline 0.001 -23"><span class='ocrx_word' id='word_1_54' title='bbox 352 1396 482 1460; x_wconf 76' lang='lat' dir='ltr'>sint</span> <span class='ocrx_word' id='word_1_55' title='bbox 552 1394 630 1459; x_wconf 85' lang='lat' dir='ltr'>ad</span> <span class='ocrx_word' id='word_1_56' title='bbox 706 1416 997 1481; x_wconf 83' lang='lat' dir='ltr'>manum,</span> <span class='ocrx_word' id='word_1_57' title='bbox 1073 1394 1290 1459; x_wconf 87' lang='lat' dir='ltr'>videor</span> <span class='ocrx_word' id='word_1_58' title='bbox 1362 1394 1514 1459; x_wconf 86' lang='lat' dir='ltr'>mihi</span> <span class='ocrx_word' id='word_1_59' title='bbox 1567 1400 1695 1458; x_wconf 75' lang='lat' dir='ltr'>tum</span> <span class='ocrx_word' id='word_1_60' title='bbox 1746 1395 2045 1482; x_wconf 85' lang='lat' dir='ltr'>temporis</span> <span class='ocrx_word' id='word_1_61' title='bbox 2096 1418 2217 1461; x_wconf 91' lang='lat' dir='ltr'>non</span> <span class='ocrx_word' id='word_1_62' title='bbox 2266 1399 2417 1463; x_wconf 82' lang='lat' dir='ltr'>satis</span> 
     </span>
     <span class='ocr_line' id='line_1_9' title="bbox 350 1514 2418 1605; baseline 0.001 -24"><span class='ocrx_word' id='word_1_63' title='bbox 350 1516 759 1581; x_wconf 75' lang='lat' dir='ltr'>intellexisse.</span> <span class='ocrx_word' id='word_1_64' title='bbox 864 1515 1044 1589; x_wconf 85' lang='lat' dir='ltr'>Quod</span> <span class='ocrx_word' id='word_1_65' title='bbox 1103 1516 1155 1579; x_wconf 89' lang='lat' dir='ltr'>si</span> <span class='ocrx_word' id='word_1_66' title='bbox 1203 1515 1331 1579; x_wconf 82' lang='lat' dir='ltr'>tale</span> <span class='ocrx_word' id='word_1_67' title='bbox 1383 1515 1532 1601; x_wconf 91' lang='lat' dir='ltr'>quid</span> <span class='ocrx_word' id='word_1_68' title='bbox 1583 1514 1823 1601; x_wconf 80' lang='lat' dir='ltr'>colligis</span> <span class='ocrx_word' id='word_1_69' title='bbox 1872 1523 1939 1579; x_wconf 78' lang='lat' dir='ltr'>ut</span> <span class='ocrx_word' id='word_1_70' title='bbox 1986 1517 2049 1580; x_wconf 87' lang='lat' dir='ltr'>in</span> <span class='ocrx_word' id='word_1_71' title='bbox 2098 1517 2418 1605; x_wconf 88' lang='lat' dir='ltr'>publicum</span> 
     </span>
     <span class='ocr_line' id='line_1_10' title="bbox 353 1634 2418 1722; baseline 0.001 -21"><span class='ocrx_word' id='word_1_72' title='bbox 353 1635 550 1722; x_wconf 87' lang='lat' dir='ltr'>edas,</span> <span class='ocrx_word' id='word_1_73' title='bbox 633 1656 810 1721; x_wconf 91' lang='lat' dir='ltr'>spem</span> <span class='ocrx_word' id='word_1_74' title='bbox 890 1634 1003 1699; x_wconf 82' lang='lat' dir='ltr'>tibi</span> <span class='ocrx_word' id='word_1_75' title='bbox 1075 1635 1236 1699; x_wconf 85' lang='lat' dir='ltr'>facio</span> <span class='ocrx_word' id='word_1_76' title='bbox 1316 1634 1617 1699; x_wconf 75' lang='lat' dir='ltr'>luculenti</span> <span class='ocrx_word' id='word_1_77' title='bbox 1694 1634 1967 1699; x_wconf 78' lang='lat' dir='ltr'>auctarii.</span> <span class='ocrx_word' id='word_1_78' title='bbox 2070 1637 2229 1704; x_wconf 88' lang='lat' dir='ltr'>Vale</span> <span class='ocrx_word' id='word_1_79' title='bbox 2302 1638 2418 1704; x_wconf 88' lang='lat' dir='ltr'>Vir</span> 
     </span>
     <span class='ocr_line' id='line_1_11' title="bbox 354 1736 2489 1851; baseline 0 -30"><span class='ocrx_word' id='word_1_80' title='bbox 354 1754 782 1842; x_wconf 57' lang='lat' dir='ltr'>(lenissime,</span> <span class='ocrx_word' id='word_1_81' title='bbox 837 1763 897 1822; x_wconf 84' lang='lat' dir='ltr'>et</span> <span class='ocrx_word' id='word_1_82' title='bbox 945 1776 1078 1851; x_wconf 79' lang='lat' dir='ltr'>me,</span> <span class='ocrx_word' id='word_1_83' title='bbox 1140 1754 1306 1842; x_wconf 92' lang='lat' dir='ltr'>quod</span> <span class='ocrx_word' id='word_1_84' title='bbox 1355 1754 1550 1839; x_wconf 79' lang='lat' dir='ltr'>facie,</span> <span class='ocrx_word' id='word_1_85' title='bbox 1608 1774 1818 1819; x_wconf 78' lang='lat' dir='ltr'>amare</span> <span class='ocrx_word' id='word_1_86' title='bbox 1851 1775 2065 1841; x_wconf 83' lang='lat' dir='ltr'>perge.</span> <span class='ocrx_word' id='word_1_87' title='bbox 2167 1754 2419 1821; x_wconf 84' lang='lat' dir='ltr'>Amste-</span> <span class='ocrx_word' id='word_1_88' title='bbox 2482 1736 2489 1743; x_wconf 35' lang='lat'><strong><em>⁹</em></strong></span> 
     </span>
     <span class='ocr_line' id='line_1_12' title="bbox 359 1872 1189 1962; baseline -0.002 -21"><span class='ocrx_word' id='word_1_89' title='bbox 359 1876 639 1962; x_wconf 83' lang='lat' dir='ltr'>lodami‚</span> <span class='ocrx_word' id='word_1_90' title='bbox 694 1880 732 1941; x_wconf 87' lang='lat'><strong>3</strong></span> <span class='ocrx_word' id='word_1_91' title='bbox 784 1872 938 1960; x_wconf 82' lang='lat' dir='ltr'>Maji</span> <span class='ocrx_word' id='word_1_92' title='bbox 991 1878 1189 1941; x_wconf 89' lang='grc'><strong>1691.</strong></span> 
     </span>
    </p>
   </div>
   <div class='ocr_carea' id='block_1_5' title="bbox 938 2099 1847 2443">
    <p class='ocr_par' dir='ltr' id='par_1_5' title="bbox 938 2099 1847 2443">
     <span class='ocr_line' id='line_1_13' title="bbox 1295 2099 1486 2182; baseline -0.005 -19"><span class='ocrx_word' id='word_1_93' title='bbox 1295 2099 1381 2163; x_wconf 84' lang='grc'>70</span> <span class='ocrx_word' id='word_1_94' title='bbox 1425 2100 1486 2182; x_wconf 91' lang='lat'>¹).</span> 
     </span>
     <span class='ocr_line' id='line_1_14' title="bbox 1124 2239 1664 2304; baseline -0.002 0"><span class='ocrx_word' id='word_1_95' title='bbox 1124 2240 1261 2304; x_wconf 78' lang='lat' dir='ltr'>lano</span> <span class='ocrx_word' id='word_1_96' title='bbox 1309 2239 1664 2304; x_wconf 81' lang='lat' dir='ltr'>Broukhusio</span> 
     </span>
     <span class='ocr_line' id='line_1_15' title="bbox 938 2351 1847 2443; baseline -0.001 -27"><span class='ocrx_word' id='word_1_97' title='bbox 938 2352 1180 2416; x_wconf 82' lang='lat' dir='ltr'>loannes</span> <span class='ocrx_word' id='word_1_98' title='bbox 1227 2351 1508 2443; x_wconf 65' lang='lat' dir='ltr'>Georgius</span> <span class='ocrx_word' id='word_1_99' title='bbox 1555 2351 1847 2416; x_wconf 74' lang='lat' dir='ltr'>Graevius,</span> 
     </span>
    </p>
   </div>
   <div class='ocr_carea' id='block_1_6' title="bbox 357 2476 2421 3201">
    <p class='ocr_par' dir='ltr' id='par_1_6' title="bbox 357 2476 2421 3201">
     <span class='ocr_line' id='line_1_16' title="bbox 413 2476 2419 2578; baseline 0 -21"><span class='ocrx_word' id='word_1_100' title='bbox 413 2476 420 2485; x_wconf 47' lang='grc'><strong>“</strong></span> <span class='ocrx_word' id='word_1_101' title='bbox 458 2494 670 2578; x_wconf 79' lang='lat' dir='ltr'>Rogat</span> <span class='ocrx_word' id='word_1_102' title='bbox 718 2492 1186 2557; x_wconf 85' lang='lat' dir='ltr'>Broukhusium</span> <span class='ocrx_word' id='word_1_103' title='bbox 1211 2543 1228 2577; x_wconf 90' lang='lat'>‚</span> <span class='ocrx_word' id='word_1_104' title='bbox 1279 2499 1346 2557; x_wconf 83' lang='lat' dir='ltr'>ut</span> <span class='ocrx_word' id='word_1_105' title='bbox 1381 2494 1586 2559; x_wconf 81' lang='lat' dir='ltr'>mittat</span> <span class='ocrx_word' id='word_1_106' title='bbox 1619 2493 1952 2557; x_wconf 84' lang='lat' dir='ltr'>editionem</span> <span class='ocrx_word' id='word_1_107' title='bbox 1987 2491 2419 2557; x_wconf 84' lang='lat' dir='ltr'>Basileensem</span> 
     </span>
     <span class='ocr_line' id='line_1_17' title="bbox 361 2610 2418 2709; baseline -0.001 -30"><span class='ocrx_word' id='word_1_108' title='bbox 361 2614 736 2709; x_wconf 21' lang='lat' dir='ltr'>Ciceronis.-</span> <span class='ocrx_word' id='word_1_109' title='bbox 801 2612 1022 2699; x_wconf 89' lang='lat' dir='ltr'>Neque</span> <span class='ocrx_word' id='word_1_110' title='bbox 1084 2614 1277 2677; x_wconf 79' lang='lat' dir='ltr'>habet</span> <span class='ocrx_word' id='word_1_111' title='bbox 1326 2610 1623 2677; x_wconf 84' lang='lat' dir='ltr'>Aldinam</span> <span class='ocrx_word' id='word_1_112' title='bbox 1674 2613 2047 2697; x_wconf 85' lang='lat' dir='ltr'>editionem,</span> <span class='ocrx_word' id='word_1_113' title='bbox 2101 2633 2223 2698; x_wconf 83' lang='lat' dir='ltr'>qua</span> <span class='ocrx_word' id='word_1_114' title='bbox 2271 2634 2418 2677; x_wconf 88' lang='lat' dir='ltr'>usus</span> 
     </span>
     <span class='ocr_line' id='line_1_18' title="bbox 359 2730 2421 2818; baseline -0 -20"><span class='ocrx_word' id='word_1_115' title='bbox 359 2743 461 2799; x_wconf 83' lang='lat' dir='ltr'>est</span> <span class='ocrx_word' id='word_1_116' title='bbox 527 2732 812 2797; x_wconf 84' lang='lat' dir='ltr'>Nicotius</span> <span class='ocrx_word' id='word_1_117' title='bbox 849 2736 918 2817; x_wconf 89' lang='lat'>2).</span> <span class='ocrx_word' id='word_1_118' title='bbox 1021 2730 1318 2811; x_wconf 88' lang='lat' dir='ltr'>„Memini</span> <span class='ocrx_word' id='word_1_119' title='bbox 1371 2732 1671 2817; x_wconf 81' lang='lat' dir='ltr'>Bergium</span> <span class='ocrx_word' id='word_1_120' title='bbox 1722 2732 1976 2796; x_wconf 79' lang='lat' dir='ltr'>beatum</span> <span class='ocrx_word' id='word_1_121' title='bbox 2026 2732 2298 2818; x_wconf 84' lang='lat' dir='ltr'>dixisse,</span> <span class='ocrx_word' id='word_1_122' title='bbox 2352 2753 2421 2797; x_wconf 87' lang='lat' dir='ltr'>se</span> 
     </span>
     <span class='ocr_line' id='line_1_19' title="bbox 357 2850 2410 2937; baseline -0.001 -20"><span class='ocrx_word' id='word_1_123' title='bbox 357 2852 610 2917; x_wconf 78' lang='lat' dir='ltr'>Bredas</span> <span class='ocrx_word' id='word_1_124' title='bbox 656 2851 964 2916; x_wconf 80' lang='lat' dir='ltr'>invenisse</span> <span class='ocrx_word' id='word_1_125' title='bbox 1011 2857 1248 2915; x_wconf 83' lang='lat' dir='ltr'>tomum</span> <span class='ocrx_word' id='word_1_126' title='bbox 1298 2850 1486 2934; x_wconf 82' lang='lat' dir='ltr'>hujus</span> <span class='ocrx_word' id='word_1_127' title='bbox 1526 2850 1843 2936; x_wconf 79' lang='lat' dir='ltr'>scriptoris</span> <span class='ocrx_word' id='word_1_128' title='bbox 1880 2851 2028 2914; x_wconf 80' lang='lat' dir='ltr'>satis</span> <span class='ocrx_word' id='word_1_129' title='bbox 2062 2858 2410 2937; x_wconf 81' lang='lat' dir='ltr'>vetustum,</span> 
     </span>
     <span class='ocr_line' id='line_1_20' title="bbox 360 2969 2419 3059; baseline -0.001 -23"><span class='ocrx_word' id='word_1_130' title='bbox 360 2973 545 3057; x_wconf 88' lang='lat' dir='ltr'>cujus</span> <span class='ocrx_word' id='word_1_131' title='bbox 619 2973 861 3059; x_wconf 79' lang='lat' dir='ltr'>copiam</span> <span class='ocrx_word' id='word_1_132' title='bbox 935 2971 1086 3035; x_wconf 83' lang='lat' dir='ltr'>mihi</span> <span class='ocrx_word' id='word_1_133' title='bbox 1146 2970 1352 3035; x_wconf 84' lang='lat' dir='ltr'>facere</span> <span class='ocrx_word' id='word_1_134' title='bbox 1402 2969 1785 3035; x_wconf 71' lang='lat' dir='ltr'>decreverat.</span> <span class='ocrx_word' id='word_1_135' title='bbox 1888 2969 2015 3035; x_wconf 82' lang='lat' dir='ltr'>Sed</span> <span class='ocrx_word' id='word_1_136' title='bbox 2064 2971 2192 3035; x_wconf 80' lang='lat' dir='ltr'>fata</span> <span class='ocrx_word' id='word_1_137' title='bbox 2240 2971 2419 3035; x_wconf 87' lang='lat' dir='ltr'>nobis</span> 
     </span>
     <span class='ocr_line' id='line_1_21' title="bbox 361 3089 2409 3201; baseline -0.003 -43"><span class='ocrx_word' id='word_1_138' title='bbox 361 3093 634 3175; x_wconf 81' lang='lat' dir='ltr'>amicum</span> <span class='ocrx_word' id='word_1_139' title='bbox 699 3092 1078 3178; x_wconf 60' lang='lat' dir='ltr'>eripuerunt.‚</span> <span class='ocrx_word' id='word_1_140' title='bbox 1174 3090 1347 3155; x_wconf 88' lang='lat' dir='ltr'>Inter</span> <span class='ocrx_word' id='word_1_141' title='bbox 1414 3089 1813 3201; x_wconf 19' lang='lat' dir='ltr'>librossejus</span> <span class='ocrx_word' id='word_1_142' title='bbox 1879 3111 2016 3153; x_wconf 91' lang='lat' dir='ltr'>cum</span> <span class='ocrx_word' id='word_1_143' title='bbox 2067 3090 2409 3174; x_wconf 77' lang='lat' dir='ltr'>inveneriS,</span> 
     </span>
    </p>
   </div>
   <div class='ocr_carea' id='block_1_7' title="bbox 357 3212 931 3278">
    <p class='ocr_par' dir='ltr' id='par_1_7' title="bbox 357 3212 931 3278">
     <span class='ocr_line' id='line_1_22' title="bbox 357 3212 931 3278; baseline -0.007 0"><span class='ocrx_word' id='word_1_144' title='bbox 357 3214 488 3278; x_wconf 89' lang='lat' dir='ltr'>mei</span> <span class='ocrx_word' id='word_1_145' title='bbox 537 3212 931 3277; x_wconf 87' lang='lat' dir='ltr'>menineris.&#39;’</span> 
     </span>
    </p>
   </div>
   <div class='ocr_carea' id='block_1_8' title="bbox 461 3324 1981 3415">
    <p class='ocr_par' dir='ltr' id='par_1_8' title="bbox 461 3324 1981 3415">
     <span class='ocr_line' id='line_1_23' title="bbox 461 3324 1981 3415; baseline -0.002 -19"><span class='ocrx_word' id='word_1_146' title='bbox 461 3332 634 3415; x_wconf 86' lang='lat' dir='ltr'>Traj.</span> <span class='ocrx_word' id='word_1_147' title='bbox 689 3332 746 3395; x_wconf 91' lang='lat' dir='ltr'>d.</span> <span class='ocrx_word' id='word_1_148' title='bbox 803 3330 1028 3394; x_wconf 87' lang='lat' dir='ltr'>XXIII</span> <span class='ocrx_word' id='word_1_149' title='bbox 1077 3330 1192 3393; x_wconf 86' lang='lat' dir='ltr'>Iul.</span> <span class='ocrx_word' id='word_1_150' title='bbox 1232 3330 1493 3414; x_wconf 82' lang='lat' dir='ltr'>Dionys,</span> <span class='ocrx_word' id='word_1_151' title='bbox 1535 3324 1981 3393; x_wconf 81' lang='lat' dir='ltr'>CIOIOOXOI.</span> 
     </span>
    </p>
   </div>
   <div class='ocr_carea' id='block_1_9' title="bbox 1188 3474 1595 3492">
    <p class='ocr_par' dir='ltr' id='par_1_9' title="bbox 1188 3474 1595 3492">
     <span class='ocr_line' id='line_1_24' title="bbox 1188 3474 1595 3492; baseline -0.01 0"><span class='ocrx_word' id='word_1_152' title='bbox 1188 3474 1448 3492; x_wconf 59' lang='lat' dir='ltr'>mmm</span> <span class='ocrx_word' id='word_1_153' title='bbox 1467 3484 1476 3489; x_wconf 53' lang='lat'><em>1</em></span> <span class='ocrx_word' id='word_1_154' title='bbox 1492 3475 1519 3489; x_wconf 64' lang='lat' dir='ltr'><em>s</em></span> <span class='ocrx_word' id='word_1_155' title='bbox 1524 3475 1595 3488; x_wconf 59' lang='lat' dir='ltr'>.‘“-‘³.t</span> 
     </span>
    </p>
   </div>
   <div class='ocr_carea' id='block_1_10' title="bbox 1277 3574 1521 3644">
    <p class='ocr_par' dir='ltr' id='par_1_10' title="bbox 1277 3574 1521 3644">
     <span class='ocr_line' id='line_1_25' title="bbox 1277 3574 1521 3644; baseline 0.004 -1"><span class='ocrx_word' id='word_1_156' title='bbox 1277 3574 1521 3644; x_wconf 76' lang='lat' dir='ltr'>LXXL</span> 
     </span>
    </p>
   </div>
   <div class='ocr_carea' id='block_1_11' title="bbox 1013 3720 1789 3896">
    <p class='ocr_par' dir='ltr' id='par_1_11' title="bbox 1013 3720 1789 3896">
     <span class='ocr_line' id='line_1_26' title="bbox 1013 3720 1789 3803; baseline -0.004 -17"><span class='ocrx_word' id='word_1_157' title='bbox 1013 3721 1204 3786; x_wconf 79' lang='lat' dir='ltr'>loanni</span> <span class='ocrx_word' id='word_1_158' title='bbox 1254 3720 1499 3803; x_wconf 72' lang='lat' dir='ltr'>Georuio</span> <span class='ocrx_word' id='word_1_159' title='bbox 1548 3720 1789 3784; x_wconf 76' lang='lat' dir='ltr'>Graevio</span> 
     </span>
     <span class='ocr_line' id='line_1_27' title="bbox 1091 3831 1712 3896; baseline -0.002 0"><span class='ocrx_word' id='word_1_160' title='bbox 1091 3834 1262 3896; x_wconf 83' lang='lat' dir='ltr'>lanus</span> <span class='ocrx_word' id='word_1_161' title='bbox 1309 3831 1712 3896; x_wconf 71' lang='lat' dir='ltr'>BroukhusiuS.</span> 
     </span>
    </p>
   </div>
   <div class='ocr_carea' id='block_1_12' title="bbox 359 3966 2421 4179">
    <p class='ocr_par' dir='ltr' id='par_1_12' title="bbox 359 3966 2421 4179">
     <span class='ocr_line' id='line_1_28' title="bbox 461 3966 2421 4059; baseline -0.004 -22"><span class='ocrx_word' id='word_1_162' title='bbox 461 3973 828 4039; x_wconf 83' lang='lat' dir='ltr'>Ciceronem</span> <span class='ocrx_word' id='word_1_163' title='bbox 892 3994 1137 4057; x_wconf 87' lang='lat' dir='ltr'>meum,</span> <span class='ocrx_word' id='word_1_164' title='bbox 1211 3994 1392 4059; x_wconf 90' lang='lat' dir='ltr'>quem</span> <span class='ocrx_word' id='word_1_165' title='bbox 1454 3974 1655 4058; x_wconf 85' lang='lat' dir='ltr'>petis,</span> <span class='ocrx_word' id='word_1_166' title='bbox 1710 3993 1784 4036; x_wconf 89' lang='lat' dir='ltr'>en</span> <span class='ocrx_word' id='word_1_167' title='bbox 1835 3971 1980 4056; x_wconf 78' lang='lat' dir='ltr'>tibi,</span> <span class='ocrx_word' id='word_1_168' title='bbox 2031 3968 2145 4032; x_wconf 85' lang='lat' dir='ltr'>Vir</span> <span class='ocrx_word' id='word_1_169' title='bbox 2193 3966 2421 4031; x_wconf 81' lang='lat' dir='ltr'>Claris-</span> 
     </span>
     <span class='ocr_line' id='line_1_29' title="bbox 359 4084 2421 4179; baseline -0.004 -21"><span class='ocrx_word' id='word_1_170' title='bbox 359 4096 562 4179; x_wconf 84' lang='lat' dir='ltr'>sime3</span> <span class='ocrx_word' id='word_1_171' title='bbox 631 4095 735 4179; x_wconf 86' lang='lat' dir='ltr'>qui</span> <span class='ocrx_word' id='word_1_172' title='bbox 802 4094 1038 4157; x_wconf 82' lang='lat' dir='ltr'>utinam</span> <span class='ocrx_word' id='word_1_173' title='bbox 1088 4092 1199 4156; x_wconf 84' lang='lat' dir='ltr'>tibi</span> <span class='ocrx_word' id='word_1_174' title='bbox 1251 4093 1579 4156; x_wconf 83' lang='lat' dir='ltr'>usui-esse</span> <span class='ocrx_word' id='word_1_175' title='bbox 1630 4093 1863 4179; x_wconf 82' lang='lat' dir='ltr'>possit,</span> <span class='ocrx_word' id='word_1_176' title='bbox 1916 4110 2038 4176; x_wconf 89' lang='lat' dir='ltr'>quo</span> <span class='ocrx_word' id='word_1_177' title='bbox 2090 4094 2149 4153; x_wconf 80' lang='lat' dir='ltr'>et</span> <span class='ocrx_word' id='word_1_178' title='bbox 2200 4084 2421 4151; x_wconf 91' lang='lat' dir='ltr'>deinde</span> 
     </span>
    </p>
   </div>
   <div class='ocr_carea' id='block_1_13' title="bbox 394 4216 778 4226">
    <p class='ocr_par' dir='ltr' id='par_1_13' title="bbox 394 4216 778 4226">
     <span class='ocr_line' id='line_1_30' title="bbox 394 4216 778 4226; baseline 0 983"><span class='ocrx_word' id='word_1_179' title='bbox 394 4216 778 4226; x_wconf 95' lang='lat' dir='ltr'> </span> 
     </span>
    </p>
   </div>
   <div class='ocr_carea' id='block_1_14' title="bbox 359 4261 2419 4595">
    <p class='ocr_par' dir='ltr' id='par_1_14' title="bbox 474 4261 1546 4339">
     <span class='ocr_line' id='line_1_31' title="bbox 474 4261 1546 4339; baseline -0.001 -20"><span class='ocrx_word' id='word_1_180' title='bbox 474 4267 516 4334; x_wconf 89' lang='lat'>¹)</span> <span class='ocrx_word' id='word_1_181' title='bbox 603 4264 670 4319; x_wconf 90' lang='lat' dir='ltr'>In</span> <span class='ocrx_word' id='word_1_182' title='bbox 718 4262 1104 4322; x_wconf 77' lang='lat' dir='ltr'>Bibliotheca</span> <span class='ocrx_word' id='word_1_183' title='bbox 1134 4261 1546 4339; x_wconf 86' lang='lat' dir='ltr'>Lugdunensi.</span> 
     </span>
    </p>

    <p class='ocr_par' dir='ltr' id='par_1_15' title="bbox 359 4342 2419 4595">
     <span class='ocr_line' id='line_1_32' title="bbox 453 4342 2419 4424; baseline -0.004 -17"><span class='ocrx_word' id='word_1_184' title='bbox 453 4351 499 4422; x_wconf 72' lang='grc'>2)</span> <span class='ocrx_word' id='word_1_185' title='bbox 575 4348 791 4407; x_wconf 87' lang='lat' dir='ltr'>Nescio</span> <span class='ocrx_word' id='word_1_186' title='bbox 825 4366 1004 4424; x_wconf 92' lang='lat' dir='ltr'>quem</span> <span class='ocrx_word' id='word_1_187' title='bbox 1034 4349 1227 4406; x_wconf 87' lang='lat' dir='ltr'>virum</span> <span class='ocrx_word' id='word_1_188' title='bbox 1261 4347 1503 4405; x_wconf 80' lang='lat' dir='ltr'>doctum</span> <span class='ocrx_word' id='word_1_189' title='bbox 1545 4348 1839 4405; x_wconf 83' lang='lat' dir='ltr'>Graevius</span> <span class='ocrx_word' id='word_1_190' title='bbox 1872 4345 2209 4423; x_wconf 83' lang='lat' dir='ltr'>significare</span> <span class='ocrx_word' id='word_1_191' title='bbox 2241 4342 2419 4414; x_wconf 72' lang='lat' dir='ltr'>velit,</span> 
     </span>
     <span class='ocr_line' id='line_1_33' title="bbox 359 4428 2419 4508; baseline -0.004 -15"><span class='ocrx_word' id='word_1_192' title='bbox 359 4434 482 4493; x_wconf 85' lang='lat' dir='ltr'>nisi</span> <span class='ocrx_word' id='word_1_193' title='bbox 551 4452 741 4491; x_wconf 89' lang='lat' dir='ltr'>sermo</span> <span class='ocrx_word' id='word_1_194' title='bbox 809 4435 886 4492; x_wconf 82' lang='lat' dir='ltr'>sit</span> <span class='ocrx_word' id='word_1_195' title='bbox 955 4434 1029 4492; x_wconf 92' lang='lat' dir='ltr'>de</span> <span class='ocrx_word' id='word_1_196' title='bbox 1097 4434 1277 4492; x_wconf 82' lang='lat' dir='ltr'>Petro</span> <span class='ocrx_word' id='word_1_197' title='bbox 1345 4433 1613 4507; x_wconf 88' lang='lat' dir='ltr'>Nicolio,</span> <span class='ocrx_word' id='word_1_198' title='bbox 1678 4433 1780 4508; x_wconf 92' lang='lat' dir='ltr'>qui</span> <span class='ocrx_word' id='word_1_199' title='bbox 1827 4450 1878 4489; x_wconf 85' lang='lat' dir='ltr'>a.</span> <span class='ocrx_word' id='word_1_200' title='bbox 1935 4432 2092 4489; x_wconf 88' lang='grc'>1659</span> <span class='ocrx_word' id='word_1_201' title='bbox 2140 4428 2419 4487; x_wconf 76' lang='lat' dir='ltr'>Lutetiae</span> 
     </span>
     <span class='ocr_line' id='line_1_34' title="bbox 359 4518 1767 4595; baseline -0.004 -15"><span class='ocrx_word' id='word_1_202' title='bbox 359 4519 558 4580; x_wconf 81' lang='lat' dir='ltr'>edidit</span> <span class='ocrx_word' id='word_1_203' title='bbox 603 4519 880 4578; x_wconf 87' lang='lat' dir='ltr'>libellum</span> <span class='ocrx_word' id='word_1_204' title='bbox 928 4519 1019 4576; x_wconf 85' lang='lat' dir='ltr'>De</span> <span class='ocrx_word' id='word_1_205' title='bbox 1068 4520 1131 4576; x_wconf 84' lang='lat' dir='ltr'>la</span> <span class='ocrx_word' id='word_1_206' title='bbox 1177 4518 1414 4577; x_wconf 81' lang='lat' dir='ltr'>Beaute&#39;</span> <span class='ocrx_word' id='word_1_207' title='bbox 1460 4518 1767 4595; x_wconf 51' lang='lat' dir='ltr'>Poetique.</span> 
     </span>
    </p>
   </div>
  </div>
 </body>
</html>
