2975 5209
1559 470 1597 530 8

545 665 660 729 fuit
723 662 1261 746 Amstclaedami,
1325 668 1563 727 aestate
1613 683 1758 726 vero
1808 662 1869 725 in
1918 659 2240 747 praesidio
2294 667 2425 725 crat
2473 662 2601 726 col-

545 785 784 848 locatus
859 781 1232 847 Mechliniae
1265 783 1325 867 ¹).
1427 780 1545 845 Vir
1614 781 1997 867 igitur,·qui
2045 781 2197 844 nihil
2247 781 2447 865 magis
2498 801 2600 844 cu-

543 902 758 989 piebat
806 922 995 989 quam
1042 907 1238 965 totum
1287 922 1356 966 se
1406 902 1651 965 tradere
1700 902 1924 965 litteris
1974 901 2294 987 otioseque
2342 901 2597 984 vivere,

547 1029 816 1105 aetatem
865 1022 1031 1087 trivit
1078 1022 1138 1085 in
1185 1021 1507 1085 itineribus
1558 1033 1619 1085 et-
1668 1021 1817 1084 belli
1866 1021 2155 1105 periculis
2218 1041 2359 1085 cum
2392 1022 2597 1106 sociis,

547 1142 769 1228 quibus
839 1161 942 1206 res
1013 1141 1287 1205 maxime
1350 1140 1692 1205 disiunctae
1764 1148 1949 1226 atque
2023 1141 2366 1206 contrariae
2426 1141 2597 1205 cordi

549 1268 736 1325 erant.
836 1260 1033 1324 Erant
1104 1267 1310 1325 tamen
1384 1261 1542 1325 inter
1612 1261 1754 1325 illos
1828 1258 1951 1324 duo
2001 1260 2302 1344 iuvenes,
2380 1261 2484 1347 qui
2536 1267 2605 1325 ut

547 1379 980 1444 Broukhusius
1030 1380 1262 1444 litteras
1309 1379 1733 1465 praetulerunt
1764 1379 2004 1465 gloriae
2040 1379 2320 1462 militari,
2374 1380 2602 1445 Henri·

550 1520 658 1563 cus
705 1498 980 1564 Haesius
1029 1506 1091 1565 et
1141 1499 1346 1564 David
1392 1499 1679 1583 Bergius.
1780 1497 1940 1563 Cum
1973 1500 2081 1584 iis,
2135 1499 2238 1586 qui
2278 1500 2340 1563 in
2380 1500 2601 1571 eadem

436 1604 456 1617 “
549 1620 798 1704 legione
834 1619 1145 1705 stipendia
1171 1620 1531 1700 merebant,
1579 1623 1769 1704 poeta
1800 1618 1983 1683 arctis
2012 1618 2320 1685 amicitiae
2345 1619 2601 1683 vinculis

547 1738 789 1803 iunctus
825 1736 1032 1823 erat2).
1084 1738 1351 1824 Bergius
1385 1740 1663 1803 carmina
1698 1740 1991 1823 nonnulla
2022 1738 2247 1803 Latina
2270 1740 2595 1826 scripsit3).

643 1858 806 1923 Satis
880 1866 1146 1945 apparet
1197 1880 1278 1925 ex
1328 1861 1644 1946 epistolis,
1699 1860 1899 1946 qualis
1948 1858 2131 1924 fuerit
2181 1859 2307 1924 vita
2354 1860 2599 1924 Brouk-

548 1979 707 2042 husii
758 2000 916 2043 anno
975 1982 1149 2044 1675
1204 1986 1444 2045 exacto.
1545 1979 1698 2043 Inde
1749 1980 1827 2043 ab
1880 2000 2038 2043 anno
2098 1981 2274 2043 1682
2330 1979 2601 2045 Traiecti

548 2098 630 2162 ad
677 2098 969 2163 Rhenum
1018 2097 1339 2163 habitavit.
1445 2098 1747 2163 Utebatur
1793 2099 1923 2162 illic
1974 2098 2231 2163 Graevii
2278 2106 2603 2163 consuetu-

552 2218 693 2285 dine
744 2224 804 2283 et
851 2217 1336 2283 familiaritatem
1387 2218 1693 2282 contraxit
1742 2238 1882 2282 cum
1917 2217 2108 2281 Petro
2136 2217 2497 2281 Burmanno
2524 2218 2595 2302 4).

548 2338 974 2423 Burmannus,
1050 2339 1253 2403 minor
1324 2348 1472 2401 natu
1544 2337 1985 2422 Broukhusio,
2038 2338 2210 2401 illam
2262 2338 2595 2402 amicitiam

514 2478 802 2544 „semper
871 2456 1062 2523 coluit
1121 2465 1182 2522 et
1229 2463 1451 2543 postea
1499 2457 1559 2521 in
1609 2455 1959 2521 Academia
2007 2457 2359 2522 Traiectina
2408 2458 2599 2522 histo·

551 2577 781 2643 riarum
869 2578 1185 2664 professor
1263 2578 1647 2642 renuntiatus
1724 2578 1782 2640 in
1861 2578 2187 2641 consilium
2263 2577 2602 2643 adhibebat

551 2697 814 2762 militum
848 2696 1264 2783 praefectum,
1319 2697 1805 2782 quotiescunque
1838 2697 2065 2761 librum
2101 2696 2287 2763 edere
2310 2698 2372 2759 in
2399 2697 2603 2761 animo

550 2816 843 2881 habebat.
944 2816 1212 2881 Traiecti
1242 2815 1676 2881 Broukhusius
1712 2816 1906 2881 edidit
1941 2816 2285 2881 versionem
2312 2815 2601 2880 Latinam

555 2935 838 3021 opusculi
909 2934 1156 2999 Gallico
1229 2955 1518 3001 sermone
1592 2936 1806 3023 scripti
1879 2958 1917 3000 a
1966 2936 2208 3002 Renato
2260 2936 2508 3023 Rapino
2546 2939 2599 3016 θ)

651 3189 691 3265 ¹)
779 3191 1051 3269 Apparet
1096 3209 1176 3249 ex
1221 3191 1434 3250 eodem
1477 3192 1684 3251 codice
1730 3212 1910 3251 manu
1954 3194 2193 3271 script0.

641 3272 692 3352 2)
781 3277 934 3335 Vide
985 3278 1214 3351 Poem.‚
1261 3296 1397 3356 pag.
1452 3280 1605 3354 158,
1657 3281 1808 3353 162,
1858 3282 2019 3354 211,
2067 3282 2207 3337 307.

645 3358 693 3436 ³)
783 3362 873 3421 Of.
920 3363 1314 3441 Peerlkamp,
1362 3363 1401 3421 1.
1451 3364 1533 3438 l.,
1580 3383 1719 3442 pag.
1772 3366 1913 3423 425.

642 3444 692 3521 4)
758 3448 952 3508 Natus
977 3454 1066 3507 est
1090 3448 1353 3508 Traiecti
1371 3468 1423 3508 a.
1455 3452 1636 3508 1668.
1682 3449 1932 3510 Audivit
1956 3449 2276 3508 Graevium
2304 3454 2363 3507 et
2388 3449 2596 3507 doctor

552 3533 699 3592 iuris
765 3539 854 3593 est
921 3540 1176 3593 creatus.
1266 3534 1418 3594 Inde
1484 3536 1562 3594 ab
1631 3554 1793 3594 anno
1866 3538 2023 3594 1696
2092 3534 2378 3594 historias
2423 3540 2604 3611 atque

554 3618 964 3696 eloquentiam
1006 3619 1406 3697 profitebatur
1448 3621 1511 3679 in
1558 3621 1707 3679 urbe
1751 3621 1984 3697 patria,
2030 3639 2082 3678 a.
2125 3623 2281 3678 1715
2318 3620 2600 3698 migravit

552 3704 948 3782 Lugdunum,
993 3705 1099 3763 ubi
1144 3722 1197 3762 a.
1251 3707 1406 3763 1741
1458 3706 1628 3765 obiit.
1723 3705 2059 3765 Permul⁴os
2105 3705 2295 3765 edidit
2326 3711 2600 3765 auctores

556 3790 825 3850 Latinos.

643 3874 692 3950 ⁵)
779 3874 946 3935 Rene
1013 3876 1209 3954 Rapin
1281 3878 1802 3953 (1621—1687),
1872 3895 1905 3935 e
1964 3876 2255 3937 societate
2299 3878 2471 3951 Iesu,
2520 3877 2609 3935 vir

554 3961 1021 4040 eruditissimus,
1069 3967 1130 4021 et
1175 3961 1310 4020 aliis
1341 3962 1512 4020 libris
1544 3961 1792 4020 edendis
1822 3961 2063 4021 laudem
2093 3962 2207 4021 sibi
2239 3963 2611 4041 comparavit

553 4053 614 4106 et
655 4048 928 4126 inprimis
973 4046 1270 4123 carmine,
1319 4048 1416 4106 cui
1460 4047 1669 4106 titulus
1716 4047 2057 4107 Hortorum
2090 4048 2238 4106 libri
2268 4048 2374 4105 IV
2401 4048 2607 4119 (Lute-

551 4133 706 4204 tiae,
776 4134 982 4206 1665).
1073 4134 1252 4192 Anno
1319 4136 1478 4192 1668
1529 4132 1748 4191 edidit:
1846 4133 2143 4193 Discom·s
2206 4136 2599 4211 academique

551 4238 664 4277 sur
707 4221 773 4278 la
818 4222 1247 4295 comparaison
1293 4226 1458 4277 entre
1524 4218 1757 4294 Virqile
1788 4224 1841 4276 et
1879 4218 2151 4277 Homere.
2232 4218 2597 4277 Broukhusii

550 4303 795 4364 libellus
858 4304 1242 4363 inscribit-ur:
1337 4303 1804 4362 Observationes
1872 4305 1939 4361 in
1999 4308 2285 4379 po'e‘mata
2349 4304 2601 4364 Homeri

554 4396 608 4447 et
683 4390 961 4467 Verqilii.
1055 4390 1116 4447 Ε
1179 4389 1418 4447 Gallico
1486 4389 1711 4447 Latine
1778 4391 2073 4448 redditae.
2176 4389 2451 4464 Trajecti
2523 4392 2606 4449 ad

555 4476 860 4552 Rhenum,
908 4474 1100 4553 Apud
1144 4474 1546 4534 Franciscum
1592 4474 1823 4534 Hal-ma
1877 4518 1890 4533 .
1940 4518 1953 4531 .
2005 4518 2018 4532 .
2069 4518 2083 4532 .
2138 4477 2318 4535 1684.
