2975 5209
1532 456 1614 535 16

435 697 443 707 ‘
551 671 869 761 accepisse
916 670 1213 737 nuntium.
1291 670 1336 737 J
1336 692 1517 737 acere
1563 672 1624 735 in
1673 672 1783 737 illo
1830 676 2031 737 tractu
2061 671 2273 739 literas
2308 678 2371 739 et
2392 662 2607 739 studia

555 814 676 857 non
724 792 948 878 miror,
1003 813 1145 857 cum
1193 796 1256 857 et
1285 790 1424 878 ipse
1455 791 1825 880 perlustravi
1856 792 2089 857 nonita
2114 814 2312 880 nuper
2334 793 2604 859 vicinam

558 912 783 993 Rheno
855 912 1228 977 Germaniae
1297 912 1633 1000 superioris
1688 918 1965 999 partem,
2038 932 2236 1000 aeque
2282 913 2599 987 incultam.

549 1033 997 1100 Monasterium
1065 1034 1199 1098 sive
1267 1031 1611 1097 Abbatiam
1672 1032 1736 1097 S.
1790 1031 2063 1098 Amandi
2112 1056 2233 1099 non
2280 1034 2466 1120 longe
2516 1036 2600 1099 ab

547 1156 702 1243 ipsis
760 1155 1176 1220 Treverorum
1243 1152 1573 1218 moenibus
1634 1160 1937 1218 remotam
1986 1154 2230 1241 scriptis
2281 1154 2599 1219 codicibus

492 1286 499 1293 '
549 1276 718 1341 haud
787 1273 1251 1341 contemnendis
1322 1294 1460 1338 esse
1525 1274 1885 1339 instructam
1943 1273 2209 1339 videbar
2264 1274 2596 1341 audivisse.

548 1394 672 1462 Sed
748 1395 864 1460 tibi
929 1394 993 1458 id
1063 1394 1296 1480 optime
1367 1394 1669 1476 creditur,
1730 1395 1835 1481 qui
1881 1394 2099 1459 sedem
2146 1394 2207 1459 in
2248 1395 2394 1481 ipsa
2438 1396 2597 1461 urbe

548 1535 709 1579 nunc
780 1514 1061 1601 posuisti.
1161 1513 1442 1598 Interim,
1522 1514 1669 1578 dum
1748 1498 1992 1579 cessant
2048 1536 2249 1601 arma,
2327 1514 2595 1579 dubitari

548 1636 655 1700 vix
703 1622 949 1721 potest,
1001 1634 1144 1722 quin
1195 1654 1336 1697 cum
1385 1633 1579 1699 Musis
1629 1633 1798 1701 haud
1848 1656 1987 1701 raro
2030 1636 2407 1723 colloquaris
2449 1637 2595 1701 soli-

510 1758 758 1822 ·tarius.
858 1756 1109 1843 Negligi
1185 1762 1354 1821 certe
1425 1756 1565 1819 illas
1634 1756 1749 1820 abs
1814 1763 1875 1821 te
1924 1756 2092 1820 haud
2142 1778 2409 1843 aequum
2460 1766 2587 1842 est,

547 1897 701 1964 quas
773 1882 897 1940 tam
970 1876 1268 1962 benignas
1334 1884 1585 1963 tamque
1649 1876 1956 1962 propitias
2026 1878 2346 1962 experiris.
2446 1877 2586 1963 Ego

545 1998 600 2060 si
650 1997 796 2084 quid
844 1997 1002 2061 forte
1049 1996 1109 2060 in
1157 2018 1288 2061 rem
1323 1995 1791 2082 tuampossim,
1843 2018 1944 2062 me
1970 2002 2164 2061 totum
2190 1996 2304 2062 tibi
2331 1997 2583 2083 addim,

547 2118 652 2204 qui
710 2118 943 2183 meritis
993 2118 1109 2181 tuis
1160 2117 1310 2181 nihil
1359 2137 1478 2181 non
1532 2115 1744 2181 deberi
1797 2137 1834 2179 a
1879 2137 1981 2180 me
2030 2138 2321 2201 agnosco.
2374 2116 2591 2203 Hagae

550 2232 880 2322 Comitum,
963 2235 1121 2301 XIV
1169 2235 1315 2301 Jun.
1356 2234 1619 2321 Gregor.
1659 2232 2401 2300 CIOIOCLXXVI.

1522 2525 1601 2590 V.

1181 2693 1372 2757 loanni
1418 2691 1665 2775 Georqto
1713 2692 1954 2757 Graevio

1371 2803 1774 2868 Broekhusius.

640 2986 939 3051 Maturius
1011 2986 1203 3051 literis
1280 2985 1399 3049 tuis
1472 2985 1975 3072 respondissem,
2029 2984 2144 3049 Vir
2193 2985 2589 3069 Clarissimo,

548 3106 663 3172 nisi
712 3106 981 3171 stetisset
1027 3126 1142 3192 per
1191 3106 1400 3170 nescio
1452 3126 1605 3191 quas
1647 3100 2229 3191 occupatiunculas,
2283 3105 2597 3193 quaesere

547 3228 608 3291 in
659 3248 803 3291 eum
853 3224 1018 3291 diem
1067 3224 1411 3317 inciderunt
1460 3242 1581 3319 quo
1631 3224 1999 3288 tabelliones
2031 3224 2341 3310 proficisci
2375 3224 2591 3289 solent.

549 3346 749 3434 Spero
783 3352 992 3411 tamen
1027 3344 1213 3430 hujus
1249 3334 1553 3410 tarditatis
1605 3344 1847 3408 veniam
1885 3364 1923 3406 a
1956 3342 2049 3407 Te
2079 3392 2095 3427 ‚
2148 3344 2398 3430 quinon
2431 3343 2596 3406 soles
2644 3316 2651 3321 ⁸

548 3464 948 3529 inexorabilis
1027 3485 1182 3529 esse.
1282 3463 1532 3529 Interea
1604 3461 1917 3526 Tribunus
1991 3484 2092 3527 me
2161 3462 2391 3528 vexillo
2445 3483 2599 3526 suae

551 3584 822 3649 cohortis
895 3583 1180 3669 dignatus
1245 3586 1461 3669 est'¹)‚
1536 3582 1631 3647 cui
1698 3588 1758 3647 et
1803 3579 1885 3647 'de
1933 3582 2058 3646 filio
2108 3582 2393 3647 nunciavi
2440 3603 2600 3669 quae

543 3704 844 3788 jusseras,
918 3711 979 3767 et
1062 3708 1239 3788 grata
1328 3723 1466 3767 esse
1514 3700 1661 3765 vidi.
1762 3700 2167 3765 credideram
2216 3722 2318 3766 me
2368 3701 2600 3788 aliquid

479 3841 484 3845 ·
549 3822 903 3887 habiturum
955 3820 1120 3909 quod
1169 3822 1505 3887 scriberem
1558 3820 1703 3884 Tibi
1740 3819 1819 3884 de
1852 3818 2178 3885 obsidione
2212 3819 2488 3905 Trajecti
2524 3821 2594 3903 ²),

551 3938 663 4008 sed
738 3943 893 4008 mire
968 3941 1070 4006 hic
1143 3942 1432 4006 vacillant
1504 3922 1743 4024 nuncii,
1822 3944 1884 4003 et
1948 3944 2099 4025 puto
2173 3940 2377 4003 omnia
2424 3940 2603 4003 vobis

552 4062 972 4147 compertiora
1021 4082 1198 4146 esse,
1251 4060 1532 4148 quamvis
1582 4040 1815 4123 absitis'
1848 4056 2113 4142 longius.
2157 4056 2605 4144 Philippobur-

651 4232 691 4307 ¹)
777 4232 1033 4291 Videtur
1088 4233 1156 4289 B.
1220 4230 1563 4308 significare
1625 4228 1742 4288 sibi
1804 4234 1929 4288 tum
1990 4246 2208 4287 munus
2252 4227 2607 4287 mandatum
2688 4296 2697 4301 -

553 4336 683 4377 esse
727 4317 942 4376 vicarii
983 4317 1277 4395 praefecti
1321 4316 1564 4391 militis,
1611 4332 1789 4392 quem
1841 4312 2213 4388 „luitenant”
2256 4319 2494 4374 vocant.

640 4404 685 4478 2)
771 4398 1057 4481 Princeps
1123 4402 1423 4461 Auri'acus
1488 4418 1695 4461 mense
1762 4400 1928 4459 Julio
1986 4400 2211 4459 frustra
2262 4400 2607 4459 Traiectum

552 4489 629 4547 ad
673 4490 904 4548 Mosam
947 4488 1339 4567 oppugnavit.
