2975 5209
1389 504 1473 566 53

405 721 631 765 saxum
681 700 820 764 istic
869 700 955 764 sis
1007 700 1327 786 alligatus,
1381 721 1583 787 neque
1630 706 1837 765 tamen
1876 700 2138 786 despero
2173 701 2454 765 imminu-

407 828 542 885 tum
606 821 684 885 iri
749 821 1031 886 Deorum
1097 821 1286 904 iram,
1361 840 1621 906 quorum
1690 820 1749 883 in
1810 820 2071 905 genibus
2130 821 2314 885 situm
2364 832 2457 885 est

406 948 477 1005 ut
527 940 804 1006 Castoris
857 962 929 1005 ac
979 940 1256 1004 Pollucis
1306 940 1493 1003 modo
1545 947 1859 1026 permutes
1909 940 2169 1005 subinde
2218 940 2457 1005 habita·

405 1062 660 1127 tionem.
761 1060 934 1124 Nihil
982 1066 1044 1125 te
1092 1061 1374 1145 responsi
1425 1058 1743 1146 accepisse
1794 1060 1871 1125 ab
1922 1060 2141 1125 Aenea
2189 1082 2455 1145 magnO,

407 1203 531 1245 non
597 1188 692 1245 est
762 1180 924 1267 quod
985 1202 1102 1265 ego
1155 1179 1365 1243 mirari
1418 1180 1719 1266 debeam,
1774 1181 1870 1244 cui
1921 1181 2097 1245 istius
2145 1181 2458 1265 ingenium

408 1300 500 1364 sic
549 1300 696 1365 satis
737 1308 829 1365 est
861 1307 1276 1386 perspectum.
1315 1298 1541 1363 Utrum
1574 1300 1633 1363 in
1671 1322 1812 1366 eum
1848 1301 2233 1389 epitaphium
2267 1301 2459 1387 scrip-

409 1421 594 1506 seris,
667 1440 786 1483 non
849 1420 1048 1483 ausim
1107 1419 1433 1483 affirmare.
1536 1419 1635 1485 De
1690 1442 1763 1485 eo
1817 1442 2043 1485 coram.
2147 1420 2459 1493 Quamdiu

413 1540 737 1606 vobiscum
787 1541 962 1605 erunt
1008 1540 1292 1605 Peniculi
1337 1539 1473 1624 isti,
1539 1540 1760 1626 istique
1811 1539 2101 1621 Colaces,
2152 1540 2252 1605 isti
2302 1538 2457 1604 Dia-

407 1660 568 1745 boli,
645 1662 815 1745 (nam
892 1667 954 1725 et,
1023 1660 1144 1725 hoc
1217 1680 1438 1724 nomen
1519 1659 1874 1724 Plautinum
1952 1662 2069 1743 est)
2143 1660 2296 1723 nihil
2368 1668 2460 1724 est

412 1800 605 1865 quare
652 1780 874 1845 melius
925 1780 1044 1843 sibi
1074 1781 1208 1845 fore
1242 1788 1495 1866 sperent
1527 1782 1857 1845 erectiores
1901 1781 2159 1845 animae.
2240 1780 2459 1867 Neque

413 1908 619 1965 tamen
678 1900 798 1965 hoc
846 1907 908 1965 te
956 1900 1114 1964 adeo
1168 1900 1484 1966 offendere
1536 1900 1754 1986 debet,
1810 1921 1999 1987 quum
2048 1900 2247 1986 probe
2298 1901 2458 1964 scias

410 2020 648 2084 nullum
699 2041 836 2085 esse
886 2022 1046 2085 vitae
1094 2040 1289 2105 genus
1339 2022 1396 2084 in
1449 2042 1570 2107 quo
1622 2020 1857 2084 virtutis
1908 2042 2055 2084 suae
2111 2020 2462 2099 mercedem

363 2169 370 2173 ·
408 2138 773 2227 promittere
822 2138 941 2202 sibi
991 2138 1219 2203 debeat
1267 2160 1442 2204 mens
1494 2139 1673 2203 bona.
1774 2140 1947 2204 Bene
1990 2139 2294 2203 factorum
2326 2140 2461 2201 uni-

416 2279 526 2323 cus
598 2258 829 2323 fructus
905 2264 998 2321 est
1061 2258 1136 2321 iis
1203 2259 1305 2344 qui
1355 2259 1513 2321 hanc
1564 2266 1799 2344 amant,
1852 2260 2093 2324 fecisse.
2195 2257 2460 2341 Omnino

317 2368 339 2383 ⁴
413 2384 621 2441 autem
670 2377 1052 2463 pergendum
1107 2386 1198 2443 est
1246 2379 1304 2441 in
1358 2379 1476 2441 hac
1525 2380 1663 2462 via,
1716 2378 2136 2443 mussitandae
2187 2385 2247 2443 et
2282 2378 2461 2442 dissi-

414 2497 749 2561 mulandae
781 2498 1085 2582 injuriae,
1141 2497 1336 2561 donec
1369 2519 1522 2563 aura
1557 2500 1762 2591 aliqua
1794 2498 2116 2583 benignior
2142 2498 2456 2583 affulgeat.

414 2616 563 2680 Noli
613 2624 817 2681 tamen
871 2618 1128 2682 credere
1171 2640 1270 2683 nie
1320 2621 1631 2684 valentem
1682 2626 1849 2682 recta
1898 2618 2155 2682 consilia
2206 2626 2457 2702 aegroto

415 2736 586 2801 dare.
689 2736 964 2823 Quisque
1037 2759 1181 2802 suos
1255 2738 1525 2823 patimur
1598 2758 1829 2801 manes.
1928 2736 2081 2800 Sunt
2156 2744 2219 2801 et
2281 2738 2459 2801 nobis

413 2856 716 2921 Brabanti
783 2858 1006 2943 nostri,
1076 2866 1214 2922 sunt
1264 2864 1325 2922 et
1372 2858 1550 2921 nobis
1599 2855 1870 2919 Diaboli.
1974 2854 2138 2927 Quid
2186 2855 2459 2919 faciam?

413 2974 595 3040 Haec
668 2984 760 3041 est
833 2978 1102 3043 conditio
1177 2976 1439 3042 vivendi.
1542 2976 1681 3061 Ego
1757 2975 2240 3060 quotiescunque
2291 2974 2460 3038 domi

415 3117 594 3178 sum,
649 3096 980 3179 obliviscor
1030 3119 1104 3162 ea
1154 3097 1396 3179 omnia,
1452 3104 1513 3160 et
1560 3096 1729 3159 velut
1777 3094 1853 3158 ab
1908 3094 2159 3158 excelsa
2207 3095 2463 3178 specula

413 3216 690 3301 despicio
765 3223 888 3279 tan]
962 3217 1380 3302 despicabiles
1459 3217 1731 3299 animae,
1816 3222 1939 3277 tam
2006 3192 2229 3276 nullius
2280 3214 2461 3297 pretii

411 3334 706 3398 ridiculos
785 3335 1240 3403 homunciones,
1342 3336 1520 3399 Idem
1604 3343 1665 3399 et
1735 3342 1801 3399 tu
1849 3334 2053 3397 facere
2106 3332 2335 3415 debes,
2391 3332 2459 3395 id

413 3461 540 3537 est,
592 3454 933 3519 remedium
976 3456 1248 3519 omnium
1301 3458 1609 3531 malorum
1661 3478 1740 3520 ex
1791 3454 2146 3519 dulcissimo
2198 3460 2257 3517 et
2290 3453 2461 3517 inno-

412 3574 764 3637 centissimo
804 3573 1119 3639 Musarum
1172 3578 1480 3639 consortio
1532 3582 1765 3662 petere.
1868 3573 2033 3646 Quid
2083 3574 2241 3639 enim
2294 3571 2461 3635 aliud

412 3691 592 3755 nobis
643 3694 888 3758 restat?
939 3701 1043 3757 aut
1093 3693 1238 3780 quid
1287 3717 1396 3759 nos
1449 3696 1789 3759 cruciemus
1839 3694 1901 3755 in
1956 3693 2029 3754 iis
2064 3713 2221 3777 quae
2256 3712 2463 3755 emen-

413 3810 562 3875 dare
612 3833 730 3875 non
784 3819 876 3876 est
924 3814 983 3875 in
1034 3835 1219 3876 manu
1271 3817 1534 3877 nostra?
1585 3813 1767 3886 Quod
1816 3834 1967 3876 vero
2010 3809 2187 3875 addis
2224 3810 2302 3874 de
2338 3810 2459 3875 alio

411 3933 767 4016 quaerendo
843 3934 1048 4019 asylo,
1128 3934 1352 3997 vellem
1419 3908 1556 4016 jam
1626 3931 1980 3994 invenisses,
2082 3927 2164 3991 Et
2214 3928 2292 3991 de
2344 3927 2463 3993 hac

411 4049 663 4136 quidem
731 4073 798 4116 re
871 4052 1118 4116 uberius
1170 4052 1662 4137 disputabimuS,
1734 4050 2103 4133 simulatque
2153 4046 2303 4110 mihi
2354 4069 2465 4112 ora

408 4178 520 4233 tua
565 4172 723 4235 tueri
773 4170 1053 4257 dabitur,
1109 4180 1168 4235 et
1217 4192 1396 4234 ruere
1445 4171 1506 4233 in
1558 4170 1883 4255 amplexus
1935 4177 2091 4230 tuos.
2145 4165 2241 4228 Tu
2277 4166 2461 4229 modo

405 4288 539 4351 noli
602 4288 898 4353 desistere
963 4312 1000 4352 a
1061 4290 1356 4374 petitione
1399 4289 1783 4373 justissima,
1838 4297 1899 4351 et
1949 4286 2048 4349 fac
2098 4305 2465 4371 quacunque

403 4406 645 4492 poteris
694 4407 930 4471 ratione
974 4407 1272 4491 impetres
1317 4419 1749 4471 commeatum.
1811 4406 2074 4469 Hasium
2112 4405 2303 4467 miror
2336 4411 2459 4473 tam

405 4526 514 4591 diu
608 4524 871 4591 siluisse.
970 4525 1350 4591 Emendabit
1452 4548 1637 4614 spero
1712 4526 2189 4591 taciturnitatem
2266 4542 2463 4589 suam.
