2975 5209
456 517 458 519 ’
492 564 524 595 ,
1337 558 1342 561 .
1412 516 1497 579 37

1412 712 1522 775 24.

1073 875 1264 939 loanni
1311 875 1562 959 Geor-qiu
1609 874 1852 940 Graavlo

1081 986 1085 990 ’
1149 986 1319 1050 lanus
1364 985 1771 1050 BroulchusiuS.

530 1150 744 1241 Nescit
810 1151 955 1236 quid
1024 1150 1252 1214 factum
1305 1152 1382 1215 sit
1434 1152 1511 1215 de
1562 1150 1832 1214 carmine
1883 1150 1961 1213 ad
2010 1148 2485 1214 Marsevenium.

433 1322 448 1335 .
485 1322 501 1337 .
536 1321 549 1333 .
585 1270 799 1348 „Nihil
849 1280 1054 1335 tamen
1104 1292 1204 1334 me
1256 1272 1428 1356 piget
1478 1270 1791 1335 sterilibus
1832 1268 2025 1333 Musis
2054 1270 2303 1354 litasse,
2351 1290 2491 1333 cum

431 1392 628 1455 sciam
678 1392 820 1455 inde
871 1412 1008 1455 esse
1058 1391 1364 1454 amicitiae
1407 1398 1650 1453 nostrae
1691 1404 1933 1472 ortum,
1980 1388 2123 1452 inde
2156 1388 2493 1451 incremen-

431 1518 588 1575 tum.
687 1511 772 1573 Et
836 1512 1006 1573 dabit
1074 1510 1335 1574 fortasse
1408 1510 1583 1574 Deus
1655 1509 2093 1595 tranquillioris
2158 1509 2266 1572 otii
2315 1530 2493 1594 spem

433 1633 708 1717 aliquam
769 1630 1090 1695 certiorem
1162 1651 1273 1715 per
1326 1630 1438 1693 has
1491 1630 1659 1716 ipsas
1708 1628 1959 1715 Musas3
2011 1630 2199 1694 modo
2251 1637 2353 1715 tn,
2408 1630 2494 1693 mi

441 1751 712 1837 Graevi,
785 1752 1074 1815 annitaris
1147 1771 1286 1813 cum
1361 1750 1621 1813 Heinsio
1680 1758 1905 1814 nostro.
2008 1749 2193 1822 Quod
2244 1750 2495 1836 quidem

441 1894 629 1958 quam
693 1872 929 1936 lubenti
999 1870 1482 1935 animo'facturi.
1525 1870 1698 1954 sitis,
1752 1891 1873 1934 non
1921 1870 2158 1954 ignom.
2212 1868 2297 1933 Et
2344 1890 2493 1933 sane

433 1992 798 2077 quantulum
873 1998 966 2055 est
1035 1990 1229 2071 illud,
1312 1991 1551 2054 unctius
1630 1991 1879 2076 aliquod
1951 2010 2172 2054 munus
2248 1988 2491 2053 deferre

432 2110 675 2173 homini
741 2130 862 2173 non
931 2110 1116 2194 plane
1179 2110 1565 2193 immerenti,
1642 2130 1783 2173 cum
1854 2109 2128 2195 quotidie
2214 2114 2301 2202 tot
2386 2109 2492 2173 alii

435 2236 918 2313 promoveantur
991 2229 1092 2313 qui
1167 2248 1410 2291 mecum
1485 2248 1598 2291 nec
1673 2230 1864 2294 literis
1944 2250 2056 2315 nec
2090 2250 2327 2309 ‚rerum
2375 2251 2492 2293 usu

433 2349 704 2415 conferri
752 2350 1059 2435 possunt?
1158 2348 1285 2412 Sed
1336 2349 1493 2412 haec
1542 2349 1701 2413 inter
1750 2370 1859 2412 nos
1910 2348 2271 2434 pereant.'’.
2327 2399 2341 2413 .
2397 2400 2410 2413 .
2469 2400 2481 2412 .

534 2468 810 2552 Trajecti
858 2470 940 2532 ad
991 2467 1272 2553 Mosam,
1329 2470 1365 2531 8
1419 2466 1688 2552 Augusti
1746 2472 1942 2533 1679.

1263 2667 1320 2679 §.r-l*
1326 2666 1643 2681 sxa-J-JMW

1330 2793 1523 2859 xxv
1564 2796 1624 2879 ¹).

1105 2985 1186 3050 οι.
1231 2985 1295 3049 ν.
1344 2941 1573 3049 nicolao
1619 2985 1842 3050 Heinsio
1890 2990 1897 2995 ·

1324 3096 1386 3161 s.
1433 3096 1495 3161 P.
1540 3096 1604 3161 n.

537 3288 820 3373 Quinque
883 3288 1017 3371 jam
1090 3286 1221 3351 dies
1291 3294 1461 3370 sunt,
1501 3285 1647 3350 rVir
1717 3283 2129 3371 Clarissi‘me,'
2160 3292 2487 3370 postquam

435 3408 736 3493 singulari
805 3408 1138 3471 certamine
1187 3408 1499 3491 pugnavi,
1564 3414 1624 3470 et
1673 3407 2093 3470 adversarium
2142 3426 2351 3469 meum
2399 3405 2488 3468 in-

435 3528 760 3605 terfeoi2).
860 3528 1086 3611 Ingens
1148 3527 1589 3591 infortunium:
1660 3524 1770 3590 sed
1841 3526 2008 3611 quod
2074 3546 2258 3588 nemo
2309 3524 2487 3588 miles

438 3646 713 3710 alienum
765 3668 800 3709 a
849 3668 917 3711 se
952 3653 1169 3731 putare
1206 3646 1410 3711 debet.
1465 3645 1797 3709 Narrarem
1833 3645 2077 3731 singula
2110 3644 2482 3729 distinctius,

543 3839 583 3914 ¹)
668 3843 741 3900 In
786 3842 1166 3900 Bibliotheca
1210 3842 1571 3901 Traiectina.

533 3926 583 3999 ²)
671 3928 920 3985 Maximi
986 3929 1274 3986 momenti
1334 3933 1423 3985 est
1467 3928 1619 3984 haec
1666 3924 1922 4002 epistola
1950 3922 2337 3984 Broukhusii.
2393 3924 2485 3982 De

438 4030 508 4072 re
567 4014 696 4089 ipsa
751 4014 814 4071 in
871 4014 1134 4071 Archivo
1182 4014 1345 4070 urbis
1399 4012 1661 4070 Traiecti
1708 4010 1783 4067 ad
1828 4010 2057 4068 Mosam
2101 4009 2252 4067 nihil
2291 4011 2487 4087 potuit

436 4099 730 4170 inveniri,
792 4100 896 4156 sed
940 4100 1000 4155 in
1079 4099 1344 4175 epistolis
1418 4098 1663 4156 Graevii
1736 4096 1811 4153 ad
1886 4096 2199 4153 Heinsium
2258 4096 2486 4172 aliquid

437 4184 768 4241 memoriae
813 4184 1100 4242 traditum
1136 4190 1243 4242 est.
1307 4184 1598 4241 Graevius
1630 4182 1841 4240 scribit
1868 4182 2117 4239 Heinsio
2148 4180 2285 4237 Kal.
2320 4182 2483 4259 Sept.

436 4269 564 4327 Jul.
613 4269 676 4343 (i.
724 4288 806 4343 e.‚
849 4270 912 4326 ni
958 4270 1168 4343 fallor,
1215 4270 1275 4327 X
1322 4268 1483 4345 Sept.
1532 4274 1601 4326 st.
1648 4270 1766 4341 n.):
1807 4268 2069 4341 „Verum
2101 4266 2251 4324 alias
2281 4268 2487 4326 inveni

435 4356 706 4427 littei-zm,
771 4373 926 4429 quae
984 4374 1271 4426 magnum
1323 4354 1469 4413 mihi
1517 4353 1785 4411 dolorem
1830 4353 2183 4414 attulerunt.
2276 4352 2482 4409 Fran-

436 4442 574 4498 cius
619 4444 827 4497 narrat
873 4440 1352 4499 Broeckhusium
1396 4445 1667 4497 nostrum
1711 4444 2101 4515 provocatum
2134 4440 2209 4495 ab
2243 4437 2360 4495 alio
2394 4437 2485 4495 sui

434 4525 667 4585 ordinis
730 4525 974 4587 homine
1039 4545 1252 4586 manus
1319 4544 1453 4584 cum
1505 4525 1611 4584 illo
1658 4523 2061 4600 conseruisse,
2109 4528 2169 4581 et
2213 4522 2372 4582 tristi
2416 4540 2485 4581 ac
