2975 5209
1485 485 1615 548 136

519 680 699 745 Anna
745 681 1054 744 Pallantia
1096 681 1158 764 ¹),
1210 680 1482 744 Isabella
1534 675 1959 744 Villamarina.
2014 679 2178 744 Vide
2228 701 2412 766 quam
2450 679 2570 742 sim

515 801 791 865 liberalis
860 820 1273 884 oeconomus,
1352 801 1453 886 qui
1531 800 1609 863 ad
1683 799 2071 865 instruendas
2150 807 2284 864 tuas
2352 801 2575 886 epulas

518 921 772 985 saliares
825 942 941 984 nou
994 941 1209 984 verear
1260 921 1589 985 exhaurire
1640 942 1845 985 meam
1898 921 2327 1007 pauper-tinam
2378 921 2571 986 cellu-

517 1041 660 1104 lam.
765 1039 1067 1104 Gruterus
1095 1043 1145 1123 2)
1222 1041 1371 1104 olim
1439 1042 1691 1104 molitus
1766 1049 1857 1104 est
1926 1062 2221 1125 magnum
2298 1062 2451 1126 opus
2510 1041 2573 1102 in

519 1159 768 1225 laudem
817 1160 1002 1244 hujus
1053 1181 1279 1244 sexuS,
1337 1160 1518 1244 cujus
1570 1161 1861 1238 materies
1913 1161 2138 1247 (neque
2189 1161 2351 1224 enim
2400 1161 2572 1223 aliud

517 1279 752 1355 habeo)
803 1280 1198 1344 commodum
1253 1279 1402 1344 mihi
1453 1287 1546 1342 est
1595 1280 1673 1343 ad
1724 1300 1960 1343 manus.
2020 1278 2291 1364 Accipe,
2346 1280 2564 1363 amice,

520 1405 580 1462 et
627 1405 837 1482 utere,
890 1399 942 1462 si
995 1399 1143 1484 quid
1191 1399 1251 1461 in
1303 1419 1482 1461 usum
1534 1405 1707 1462 tuum
1755 1398 1857 1462 hic
1893 1399 2025 1461 erit.
2129 1397 2347 1461 Statim
2386 1406 2573 1483 atque

521 1525 658 1582 tuas
727 1520 977 1604 accepi,
1043 1518 1427 1603 respondeo:
1496 1539 1657 1604 quae
1706 1539 1803 1582 res
1854 1519 1915 1581 in
1967 1538 2188 1581 caussa
2236 1525 2366 1602 est,
2421 1538 2579 1602 quur

521 1636 851 1701 Francium
927 1659 964 1700 a
1032 1647 1091 1702 te
1157 1636 1428 1701 nondum
1478 1639 1721 1702 salvere
1763 1638 2082 1721 jusserim.
2184 1637 2577 1702 Burmannus

485 1762 731 1820 ‘noster
790 1755 989 1820 factus
1053 1763 1145 1823 est
1193 1757 1512 1821 literarum
1560 1756 1894 1820 Professor
1942 1758 2469 1822 extraordinarius
2517 1758 2581 1820 in

521 1871 866 1938 Academia
932 1874 1131 1958 patria
1167 1876 1232 1957 ³).
1334 1873 1497 1938 Vale
1568 1874 1681 1938 Vir
1754 1875 2153 1958 Clarissime,
2220 1884 2281 1940 et
2328 1876 2580 1942 Brouk-

521 1992 766 2058 husium
819 2001 990 2058 tuum
1041 2015 1249 2058 amare
1298 2015 1513 2080 perge.

615 2111 1088 2178 Amstelodami.
1149 2117 1232 2177 14
1283 2113 1586 2178 Decemb.
1651 2118 1849 2180 1696.

1435 2278 1565 2341 112
1603 2278 1703 2362 4).-

1288 2393 1425 2456 lano
1472 2393 1827 2458 Broukhusio

1190 2503 1509 2568 loachimus
1548 2505 1824 2588 Tarqirus
1850 2505 1913 2584 ⁵J.

623 2618 867 2682 Gratias
919 2619 1045 2702 agit
1094 2641 1206 2704 pro
1257 2620 1526 2684 carmine
1574 2619 1955 2684 Broukhusii
2004 2621 2062 2683 in
2114 2621 2345 2683 librum
2395 2641 2579 2682 suum

527 2739 836 2802 medicum
873 2741 940 2818 ὓ).

620 2856 958 2942 Dordraci‚
1013 2857 1170 2921 VIII
1217 2857 1360 2922 Kal.
1401 2858 1442 2923 J
1447 2881 1540 2923 an.
1571 2856 2113 2924 OIOIOOXOVII.

1347 2979 1384 2994 V*
1393 2980 1451 2994 ‘'s-1
1454 2979 1759 2996 VNJOENJWV

622 3056 661 3128 ¹)
751 3055 930 3112 Anna
973 3073 1090 3112 van
1135 3054 1454 3129 Pallandt‚
1502 3057 1629 3114 filia
1672 3057 2035 3115 Theoderici
2075 3071 2189 3114 van
2225 3057 2327 3128 P.,
2360 3057 2585 3115 Latina

455 3167 462 3172 ·
528 3145 713 3215 atque
759 3141 994 3198 Gallica
1039 3142 1308 3198 carmina
1351 3143 1703 3219 composuit.
1750 3143 1962 3200 Amica
1993 3143 2105 3201 fuit
2135 3143 2281 3201 Jani
2313 3142 2579 3200 Gruteri.

617 3223 662 3299 ²)
751 3226 944 3284 Janus
1012 3226 1308 3285 Gruterus
1369 3229 1887 3303 (1560-1627),
1933 3232 2115 3287 natus
2158 3228 2583 3304 Antwerpiae‚

530 3331 773 3389 operam
821 3312 986 3370 dedit
1032 3312 1245 3370 litteris
1291 3312 1723 3390 Cantabrigiae
1769 3321 1951 3389 atque
1978 3313 2279 3391 Lugduni.
2312 3320 2383 3370 A.
2419 3315 2581 3370 1589

425 3397 431 3406 ’
529 3399 644 3455 fuit
696 3398 1000 3474 professor
1042 3398 1428 3457 historiarum
1474 3399 1972 3474 Wittenbergae,
2020 3419 2073 3456 a.
2125 3401 2286 3459 1592
2332 3398 2584 3456 Heidel-

530 3483 787 3558 berg-ae,
851 3501 902 3540 a.
975 3486 1130 3540 1603
1192 3485 1569 3562 praepositus
1631 3491 1719 3544 est
1776 3485 2196 3542 Bibliothecae
2241 3484 2582 3542 Palatinae.

529 3567 737 3626 Edidit
781 3567 1090 3639 Plautum,
1138 3568 1414 3644 Statium,
1462 3571 1831 3646 Ciceronem,
1863 3571 2219 3644 Martialem,
2254 3570 2582 3643 Senecam,

529 3657 851 3711 sexcentos
913 3653 1146 3730 scripsit
1206 3655 1357 3714 alios
1418 3656 1618 3713 libros,
2406 3729 2415 3732 -

613 3739 708 3795 Ex
754 3738 1037 3815 epistola,
1087 3758 1267 3815 quam
1311 3741 1728 3798 Broukhusius
1774 3740 1829 3798 d.
1876 3741 1964 3798 VI
2009 3740 2154 3800 Maii
2208 3743 2279 3798 17
2290 3743 2367 3798 03
2416 3737 2585 3799 dedit

526 3825 907 3897 BurmannO,
950 3821 1208 3902 'apparet
1254 3832 1314 3884 et
1360 3827 1686 3884 Graevium
1714 3833 1791 3886 'et
1835 3826 2282 3885 Broukhusium
2315 3824 2585 3883 carmina

531 3910 775 3968 Gruteri
818 3929 1003 3968 manu
1048 3911 1269 3987 scripta
1313 3912 1616 3971 habuisse.

622 3991 670 4068 3)
758 3995 830 4052 D.
898 3995 958 4052 X
1022 3996 1305 4054 Decemb.
1373 3998 1677 4075 professor
1722 3997 2108 4056 historiarum
2154 3995 2583 4055 extraordina-

530 4081 654 4138 rius
700 4085 933 4140 creatus
980 4087 1087 4140 est.

623 4163 671 4240 4)
759 4166 832 4222 In
878 4166 1259 4225 Bibliotheca
1303 4167 1714 4244 Lugdunensi.

618 4247 664 4323 ⁵)
753 4251 977 4326 Ignoro
1030 4253 1354 4310 hominem.

622 4333 670 4408 ⁰)
761 4336 836 4393 In
895 4337 1200 4395 Joachimi
1271 4338 1558 4414 Tarqerii
1634 4339 1989 4398 Medicinam
2057 4337 2575 4412 compendiariam

533 4423 757 4565 &Pzem
763 4466 839 4566 1,ss
848 4441 998 4565 gigig.
1063 4425 1237 4496 240).
1311 4424 1576 4483 Carmini
1620 4430 1820 4483 tamen
1869 4423 2161 4500 ascriptus
2209 4427 2297 4480 est
2344 4421 2473 4479 dies
2522 4422 2587 4480 ΙΙ
2636 4421 2645 4428 ’

587 4526 618 4565 e
666 4527 710 4564 r.
933 4551 946 4564 .
