2975 5209
1487 440 1575 503 26

501 642 568 700 ut
617 635 812 699 literis
864 640 925 699 et
977 634 1191 698 amicis
1246 635 1572 699 meliorem
1621 655 1879 720 operam
1932 634 2081 700 dare
2131 616 2407 721 possim!
2456 636 2565 701 In-

501 748 675 820 terea
728 755 873 819 dum
925 753 1211 819 omnibus
1263 756 1420 819 votis
1472 776 1610 819 eam
1663 761 1927 840 expecto
1961 753 2357 841 felicitatem,
2390 757 2559 820 anni·

499 880 595 939 tar
668 873 834 961 quod
905 894 1164 959 possum
1233 880 1298 937 ut
1362 894 1508 938 vere
1557 874 1815 939 literatis
1867 874 2224 939 hominibus
2266 876 2557 961 (quorum

502 1000 569 1058 tu
643 992 825 1057 facile
899 992 1202 1057 familiam
1280 992 1478 1077 ducis)
1542 993 1793 1078 plicere
1841 1014 1943 1057 me
1993 994 2159 1058 velle
2210 996 2553 1060 ostendam.

507 1112 634 1198 Tu,
687 1110 802 1176 Vir
850 1111 1291 1198 Nobilissime,
1345 1114 1629 1197 ignosces
1672 1113 1936 1197 juvenili
1975 1113 2264 1199 quidem,
2300 1114 2559 1179 sednon
2640 1176 2650 1181 ,

439 1314 446 1319 .
503 1234 869 1297 inhonestae
943 1232 1293 1317 ambitioni,
1378 1253 1500 1317 qua
1556 1239 1791 1296 tantum
1835 1233 1971 1317 jam
2020 1232 2361 1319 perfecisse
2408 1235 2560 1299 mihi

505 1351 749 1437 videor,
801 1358 869 1415 ut
917 1372 1037 1415 non
1089 1352 1370 1417 ultimum
1419 1352 1480 1415 in
1532 1352 1801 1416 amicitia
1850 1360 1956 1417 lua
1985 1354 2194 1416 locum
2221 1353 2555 1441 obtineam,

509 1492 695 1558 quam
745 1492 861 1555 ego
913 1492 1059 1535 sane
1109 1471 1393 1534 trecentis
1443 1469 1580 1535 aliis
1628 1470 2104 1556 praeferendam
2153 1494 2275 1537 non
2332 1473 2552 1538 imme-

504 1590 624 1655 rito
698 1611 949 1675 semper
997 1588 1166 1654 duxi.
1264 1588 1458 1675 Vale,
1531 1610 1740 1653 meum
1791 1590 2012 1674 decuS,
2089 1598 2149 1655 et
2198 1612 2337 1677 me,
2393 1590 2561 1677 quod

508 1708 690 1795 facis,
745 1708 958 1773 favore
1010 1730 1083 1773 ac
1132 1730 1343 1773 amore
1392 1714 1499 1772 tuo
1553 1707 1881 1795 complecti
1934 1728 2145 1793 perge.

599 1829 912 1894 Montibus
960 1828 1348 1892 Hannoniae.
1413 1829 1451 1891 3
1507 1827 1639 1891 Cal.
1692 1826 1997 1892 Decemb.
2060 1832 2255 1893 1677.

1331 1990 1691 2007 VNoew-”swssNoe

1441 2092 1619 2157 XVI.

1155 2238 1343 2323 loanni
1390 2235 1637 2318 Geor-nio
1684 2234 1927 2300 Graevio

1229 2349 1399 2412 lanus
1442 2346 1845 2411 Broukhusiua

599 2492 889 2577 Elegiam
939 2512 1124 2577 quam
1173 2510 1368 2576 nuper
1415 2489 1496 2553 ad
1538 2496 1596 2554 te
1624 2489 1783 2573 misi,
1806 2488 1923 2554 Vir
1948 2489 2309 2573 clarissime,
2347 2496 2558 2553 utrum
2614 2550 2624 2557 .

512 2612 864 2697 acceperis,
916 2612 1152 2695 ignor0.
1252 2610 1637 2674 Incluseram
1686 2630 1824 2673 eam
1861 2610 2165 2695 epistolae
2198 2607 2447 2673 cuidam
2474 2608 2555 2671 ad

495 2730 868 2815 chirurgum
916 2730 1197 2815 Lochon,
1253 2730 1475 2794 viduae
1524 2729 1924 2815 Hagenariae
1964 2732 2003 2815 ¹)
2054 2729 2349 2810 fratrem,
2402 2749 2560 2814 quae

517 2852 571 2913 si
615 2851 674 2914 in
723 2851 939 2915 itinere
987 2871 1106 2915 non
1155 2850 1368 2936 periit,
1422 2850 1671 2914 vix'est
1717 2857 1783 2914 ut
1835 2850 2085 2913 credam
2136 2849 2313 2913 illum
2349 2847 2553 2912 officio

519 2988 630 3032 suo
725 2968 1013 3033 defuisse.
1112 2968 1209 3031 En
1283 2968 1396 3033 tibi
1468 2990 1626 3033 nunc
1702 2969 1985 3053 eclogam
2066 2968 2148 3032 ad
2221 2966 2561 3032 Dominum

520 3087 868 3184 Seryatium
900 3090 964 3172 ²).
1067 3088 1434 3174 Quanquam
1483 3110 1605 3153 non
1657 3095 1750 3153 est
1797 3089 1917 3152 ista
1962 3087 2228 3151 felicitas
2270 3107 2448 3171 mea,
2502 3092 2567 3149 ut

619 3258 659 3333 ¹)
747 3260 948 3321 Vidua
989 3260 1378 3339 Hagenaeria
1406 3260 1633 3325 eadem
1678 3264 1769 3318 est
1814 3277 1883 3316 ac
1928 3258 2241 3317 Charlotte
2285 3256 2564 3329 Lochon,

521 3346 691 3404 cuius
758 3366 998 3405 carmen
1054 3352 1482 3424 pervenustum
1526 3345 1864 3403 invenimus
1908 3345 1970 3402 in
2015 3342 2375 3401 Broukhusii
2424 3342 2566 3399 Car-

523 3432 786 3490 minibus
849 3433 1116 3509 Belgicis
1182 3436 1327 3510 (pag
1417 3432 1539 3505 16).
1628 3430 1738 3488 Vir
1802 3430 1973 3488 Doct.
2045 3429 2102 3487 S.
2168 3428 2418 3501 Muller‚
2465 3426 2567 3504 qui

522 3523 760 3595 praeest
804 3518 1067 3577 Archivo
1114 3518 1462 3575 Traiectino
1485 3561 1500 3590 ,
1546 3515 1620 3573 de
1651 3516 1757 3573 illa
1786 3516 2038 3573 muliere
2068 3532 2301 3591 magno.
2321 3512 2568 3591 ingenio

521 3603 797 3681 praedita
855 3603 1123 3661 maxima
1169 3603 1518 3661 urbanitate
1565 3602 1969 3677 comitateque
2012 3618 2108 3657 me
2154 3599 2356 3657 docuit
2399 3598 2567 3656 haec.

523 3688 596 3746 D.
625 3689 687 3745 II
731 3689 910 3747 Febr.
965 3690 1123 3746 1664
1149 3688 1418 3745 Joannes
1439 3686 1823 3765 Haegenaer,
1850 3683 2484 3757 Amstelaedamensis,
2508 3682 2571 3740 in

520 3774 966 3832 matrimonium
1011 3773 1186 3832 duxit
1232 3773 1545 3831 Charlotte
1569 3772 1838 3845 Lochon,
1870 3772 2297 3830 Traiectinam.
2361 3769 2571 3827 Mense

522 3859 741 3918 Martio
817 3862 977 3917 1678
1041 3859 1428 3936 Hagenaeria
1485 3856 1672 3916 vidua
1736 3858 1969 3935 nupsit,
2030 3862 2097 3915 ut
2140 3855 2411 3924 videtur,
2459 3854 2571 3911 Ge·

520 3945 697 4004 rardo
744 3945 1015 4003 Grimoni
1061 3949 1306 4020 (nomen
1350 3944 1465 4002 viri
1509 3961 1631 4001 non
1677 3948 1767 4002 est
1814 3943 2184 4020 ascriptum).
2248 3942 2320 3997 D.
2345 3939 2566 3997 XXIX

523 4030 690 4089 Junii
757 4032 914 4088 1689
980 4030 1292 4089 Charlotte
1351 4028 1632 4103 Lochon,
1694 4028 1879 4086 vidua
1938 4028 2193 4087 Gerardi
2238 4025 2568 4097 GrimoniS‚

523 4116 760 4193 sepulta
827 4120 918 4174 est
983 4116 1248 4175 Traiecti
1313 4116 1378 4172 in
1422 4114 1665 4191 publico
1713 4114 2123 4191 sepulcrorum
2167 4113 2338 4186 loco,
2387 4128 2566 4187 quem

525 4201 838 4278 antiquum
885 4201 1108 4260 dicunt.

611 4284 656 4360 2)
727 4286 953 4363 Hyella
998 4287 1102 4345 Ad
1127 4286 1420 4346 Jacob-um
1449 4284 1798 4343 Servatium
1830 4284 1929 4360 (cf.
1968 4286 2197 4358 Poeml,
2230 4302 2367 4360 pag.
2396 4281 2567 4354 207).

609 4372 875 4430 Jacobus
920 4371 1206 4446 Ser-vaes,
1251 4370 1846 4441 Amstelo-Batavus,
1894 4388 2051 4428 anno
2103 4369 2263 4427 1659
2309 4368 2372 4425 in
2418 4366 2575 4425 Aca-

525 4456 724 4518 demia
765 4457 1113 4519 Traiectina
1155 4476 1400 4537 operam
1442 4456 1663 4516 litteris
1707 4454 1891 4516 dedit.
