2975 5209
1495 473 1625 536 158

529 689 680 732 sane
709 667 1090 752 foederatos
1139 687 1258 730 non
1307 667 1515 752 inepte
1564 666 1689 730 dici
1742 673 1893 753 puto
1912 717 1933 753 ,
1984 667 2091 754 qui
2134 665 2391 732 foedere
2427 666 2591 730 inter

529 807 600 851 se
650 787 1006 871 junguntur.
1079 783 1208 850 Sed
1255 785 1565 849 Romanis
1620 786 1906 850 moribus
1954 787 2136 850 aliter
2180 785 2313 850 fuit.
2362 785 2587 870 Itaque

527 905 718 970 tutius
785 907 990 968 socios
1037 904 1316 968 dicemus
1337 953 1354 986 ,
1408 915 1470 968 et
1522 927 1717 969 arma
1764 908 2056 971 socialia.
2154 905 2227 970 In
2276 903 2590 990 sequenti-

531 1025 650 1088 bus
697 1023 989 1088 deserere
1019 1023 1324 1107 oppideim
1371 1045 1491 1088 non
1544 1024 1846 1110 intelligo.
1944 1024 2082 1088 Nisi
2128 1023 2391 1089 fortasse
2436 1029 2592 1088 uota

531 1142 787 1228 genitivi
855 1143 1150 1206 contracti
1208 1163 1322 1227 per
1371 1144 1843 1228 incogitantiam
1890 1145 2013 1208 huc
2056 1145 2317 1208 influxit.
2414 1142 2583 1206 Pau—

533 1260 677 1326 cula
723 1261 1030 1347 quaedam
1077 1262 1204 1324 alia
1249 1260 1328 1323 ad
1381 1263 1729 1346 marginem
1784 1264 1991 1326 notavi
2010 1313 2027 1346 ,
2084 1263 2175 1327 rei
2221 1260 2390 1325 haud
2436 1280 2590 1324 sane

533 1401 818 1466 magnae.
915 1379 1044 1444 Sed
1089 1388 1156 1444 tu
1201 1379 1360 1443 haec
1406 1380 1493 1443 ita
1532 1381 1807 1465 accipies
1830 1431 1847 1464 ,
1894 1388 1961 1444 nt
1992 1379 2073 1444 ab
2106 1380 2315 1445 animo
2348 1380 2589 1444 sincero

536 1499 844 1585 profecta,
893 1521 1006 1564 nec
1054 1499 1392 1585 quidquam
1443 1499 1616 1563 aliud
1671 1508 2007 1585 quaerente
2052 1500 2171 1564 nisi
2216 1508 2390 1564 tuum
2420 1519 2596 1564 com-

537 1620 810 1686 modum.
909 1619 1070 1684 Vale
1119 1620 1204 1682 mi
1251 1619 1507 1683 Hesseli
1526 1669 1543 1702 ,
1619 1641 1743 1683 una
1804 1641 1946 1684 cum
1994 1629 2205 1684 nostro
2254 1618 2455 1684 Olotio
2500 1619 2594 1703 ¹),

540 1759 724 1825 quem
771 1738 977 1802 verbis
1027 1740 1183 1802 meis
1229 1750 1627 1824 peramanter
1674 1738 1995 1802 salutabis.

633 1857 982 1922 Amstelod.
1035 1858 1096 1921 in
1145 1878 1358 1922 eremo
1405 1857 1785 1922 suburbano.
1840 1861 1879 1921 3
1934 1858 2234 1922 Decemb.
2294 1859 2493 1922 1706.

1403 1994 1487 2010 Ns
1459 1995 1565 2010 fisus*
1608 1995 1775 2010 :smqfl

1345 1995 1689 2135 CXXXIV
1717 2074 1787 2154 ²).

1263 2186 1533 2251 aiebat-to
1576 2186 1800 2267 θυμω-ο
1830 2186 1879 2262 ³)

1259 2298 1428 2361 lanus
1473 2296 1882 2361 Broukhusius.

639 2437 960 2501 Tibullum
993 2438 1042 2522 ⁴)
1116 2438 1195 2502 ad
1269 2437 1362 2501 Te
1435 2440 1656 2522 mitto,
1726 2438 1841 2501 Vir
1888 2437 2331 2524 Amplissime,
2381 2436 2605 2501 labore

646 2607 687 2683 ¹)
773 2609 1054 2667 Fortasse
1117 2610 1276 2667 Jean
1341 2611 1608 2686 Jacques
1662 2609 1889 2668 Claude
1933 2610 2427 2685 (1684—1712),
2473 2609 2603 2666 Ha·-

547 2713 742 2772 ganus
765 2738 780 2769 ,
827 2694 930 2769 qui
974 2694 1236 2752 Traiecti
1280 2714 1525 2773 operam
1572 2695 1739 2754 dedit
1768 2696 1987 2754 litteris
2016 2700 2203 2771 atque
2230 2693 2603 2772 theologiae.

547 2780 762 2838 Pastor
833 2779 950 2838 fuit
994 2780 1286 2838 ecclesiae
1345 2782 1717 2840 Daventriae
1786 2788 1849 2839 et
1892 2780 2197 2838 Londinii.
2288 2779 2605 2857 Opuscula

550 2864 846 2941 quaedam
889 2865 1260 2942 philologica
1302 2866 1364 2923 in
1406 2867 1607 2924 lucem
1650 2867 1864 2924 emisit.

641 2947 692 3023 2)
779 2949 852 3006 In
917 2950 1299 3009 Bibliotheca
1351 2951 1547 3028 Regia
1592 2953 1872 3028 Hagana.
1962 2951 2107 3009 Post
2148 2949 2605 3027 inscriptionem

550 3035 812 3094 nominis
838 3034 1126 3112 leguntur
1167 3038 1386 3095 verba:
1431 3038 1576 3110 „het
1620 3037 1919 3114 kleynere
1963 3036 2223 3113 exempl.
2270 3036 2321 3094 is
2363 3053 2509 3093 voor
2538 3034 2599 3092 d.

551 3121 658 3178 Hr.
707 3121 1028 3179 Moonen.'’

639 3207 750 3264 Vir
811 3206 984 3265 Doct.
1051 3207 1110 3264 J.
1179 3206 1469 3264 Tideman
1534 3225 1659 3265 non
1724 3213 1961 3267 tantum
1998 3206 2265 3265 maxima
2314 3205 2603 3264 comitate

471 3331 478 3336 ·
551 3293 734 3351 huius
789 3298 973 3368 atque
1029 3291 1338 3368 sequentis
1396 3292 1690 3370 epistolae
1750 3293 2063 3370 exemplar
2110 3291 2258 3349 mihi
2300 3291 2601 3368 praebuit,

553 3377 661 3435 sed
727 3378 909 3436 etiam
967 3377 1028 3434 in
1090 3377 1224 3435 aliis
1261 3377 1408 3436 meis
1464 3378 2035 3454 investigationibus
2076 3377 2239 3436 vitae
2282 3376 2603 3435 Broukhu·

549 3463 760 3521 sianae
824 3481 1045 3540 magno
1110 3463 1258 3520 mihi
1321 3463 1438 3522 fuit
1483 3464 1736 3522 auxilio.

637 3547 945 3606 Asnoldus
1021 3548 1281 3606 Moonen
1363 3551 1857 3624 (1644—1711)‚
1905 3548 2277 3622 Zwollanus,
2359 3564 2606 3624 operam

555 3634 720 3693 dedit
780 3633 998 3693 litteris
1053 3638 1114 3691 et
1157 3633 1507 3711 theologiae
1552 3635 1615 3691 in
1660 3634 1991 3692 Academia
2034 3633 2463 3710 Groningana3
2494 3651 2604 3710 pa-

553 3726 678 3779 stor
737 3719 1116 3778 ecclesiastes
1174 3719 1289 3778 fuit
1354 3720 1415 3776 in
1461 3718 1750 3797 oppidulo
1802 3719 2207 3794 Hardenberg
2251 3725 2437 3794 atque
2481 3718 2608 3776 Da-

553 3805 842 3864 ventriae.
867 3805 1154 3863 Poemata
1171 3804 1437 3882 Belgica,
1470 3823 1657 3881 opera
1682 3805 2027 3882 theologica
2052 3811 2113 3864 et
2138 3804 2607 3862 Grammaticam

555 3890 865 3967 Belgicam
914 3890 1120 3948 edidit.
1211 3892 1276 3947 B.
1325 3890 1597 3948 Monenii
1643 3891 1913 3948 carmina
1954 3889 2228 3948 versibus
2272 3888 2605 3948 celebravit

557 3977 809 4050 (Poemq
856 3995 993 4053 pag.
1045 3976 1169 4048 24).

649 4059 698 4132 3)
784 4062 878 4119 De
924 4061 1157 4138 Cupero
1201 4061 1337 4119 vide
1383 4061 1459 4118 ad
1504 4061 1691 4138 Epist.
1741 4060 2029 4118 CXXIII.

646 4141 696 4218 4)
786 4146 960 4202 Albii
1013 4146 1242 4204 Tibulli
1287 4147 1539 4223 Equitis
1592 4147 1757 4204 Rom.
1786 4163 1940 4222 quae
1973 4150 2248 4218 exstant,
2297 4143 2613 4218 Adfidem

563 4237 825 4289 veterum
867 4232 1356 4289 membranarum
1401 4232 1614 4290 sedulo
1648 4233 1971 4308 castiyata.
2064 4231 2370 4288 Accedunt
2394 4227 2611 4304 Notae,

559 4336 691 4375 cum
733 4317 986 4374 Variar.
1063 4317 1418 4374 Lectionum
1449 4317 1689 4375 Libello
1713 4359 1728 4388 ,
1764 4322 1817 4373 et
1849 4315 2007 4372 terni
2036 4314 2309 4373 Indices:
2347 4333 2616 4390 quorum

549 4403 798 4479 primus
848 4402 1060 4459 Omnes
1120 4402 1301 4460 Voces
1344 4402 1741 4459 Tibecllianas
1773 4401 2204 4476 complectitur.
2255 4443 2267 4456 .
2318 4442 2331 4456 .
2383 4441 2396 4454 .
2468 4398 2617 4458 Am·

559 4489 918 4548 stelaedami
971 4487 1072 4544 Ea:
1128 4486 1398 4562 officina
1450 4487 1894 4546 Wetsteniana.
1940 4483 2333 4544 MDCCVIII.
