2975 5209
1556 470 1641 532 10

564 666 772 730 tamen
859 686 1086 752 expers
1173 665 1290 729 fuit
1371 664 1929 729 controversiarum
1990 665 2148 730 inter
2221 665 2620 733 Perizonium

566 793 626 851 et
717 786 1134 872 Gronovium,
1227 784 1617 871 professores
1706 784 2195 871 Lugdunenses,
2286 792 2347 851 et
2426 786 2622 851 Fran-

565 905 730 971 cium
813 906 1111 993 aliosque.
1233 904 1449 970 Edidit
1540 904 1973 969 Broukhusius
2058 926 2111 969 a.
2204 908 2381 971 1702
2464 906 2621 973 Pro-

564 1027 870 1113 pertium,
950 1047 1006 1091 a.
1093 1028 1264 1091 1707
1348 1024 1667 1090 Tibullum
1718 1032 1779 1089 et
1828 1025 1982 1090 obiit.
2029 1026 2088 1089 d.
2142 1025 2267 1089 XV
2314 1002 2616 1092 Decemb.

570 1146 702 1211 eius
753 1147 912 1211 anni.

661 1267 886 1351 Brevi,
955 1287 1167 1352 spero,
1220 1265 1471 1331 uberius
1522 1286 1707 1350 agam
1756 1265 1836 1330 de
1884 1266 2011 1329 vit-a
2060 1271 2289 1352 poetae
2332 1268 2618 1332 illustris-

579 1386 747 1471 simi3
818 1385 976 1450 haec
1038 1384 1343 1449 sufficiant
1389 1385 1523 1470 illi,
1576 1384 1681 1471 qui
1729 1385 1918 1450 hasce
1968 1385 2265 1471 epistolas
2312 1388 2617 1473 inspicere

576 1506 743 1570 velit.
795 1504 1031 1569 Multae
1079 1510 1409 1590 supersunt
1457 1503 1760 1590 epistolae
1819 1525 1857 1568 a
1903 1504 2301 1571 Broukhusio
2352 1508 2619 1594 scriptae

571 1630 642 1691 et*
679 1626 759 1691 ad
811 1647 952 1691 eum
1003 1624 1203 1690 datae.
1289 1622 1394 1687 Ex
1443 1622 1807 1688 OOXXXV
1852 1646 2005 1711 quas
2050 1626 2275 1711 collegi
2320 1628 2621 1714 epistolae

570 1744 953 1811 Broukhusii
1027 1752 1088 1809 et
1149 1744 1493 1808 Burmanni
1551 1744 1736 1809 facile
1794 1744 2038 1829 seiungi
2084 1755 2359 1831 possunt.
2463 1746 2623 1810 Cum

573 1887 790 1931 omnes
864 1866 1099 1930 litteras
1176 1863 1361 1928 edere
1426 1861 1549 1928 hoc
1616 1864 1916 1949 opusculo
1988 1864 2139 1927 mihi
2198 1886 2319 1929 non
2370 1864 2619 1951 liceret,

544 1960 874 2085 'epistolas
923 1989 1152 2072 poetae
1203 1990 1264 2049 et
1312 1982 1696 2049 Professoris
1746 1982 2079 2047 Traiectini
2130 1983 2276 2048 alibi
2322 1986 2383 2049 iu
2418 1986 2618 2051 lucem

576 2106 856 2175 emittere
893 2104 1183 2170 conabor.
1250 2103 1416 2167 Viris
1452 2103 1680 2187 doctis,
1736 2104 1837 2190 qui
1862 2111 2157 2189 praesunt
2181 2102 2607 2189 Bibliothecis,

573 2226 803 2311 gratias
875 2246 992 2310 ago
1065 2245 1249 2311 quam
1316 2224 1660 2307 maximas,
1736 2222 1901 2308 quod
1975 2222 2126 2287 mihi
2195 2223 2613 2309 praebuerunt

576 2346 962 2413 occasionem
1036 2345 1173 2408 illas
1245 2342 1640 2408 describendi
1703 2350 1886 2429 atque
1955 2343 2199 2407 edendi.
2298 2342 2473 2407 Unus
2544 2365 2627 2407 ex

575 2466 686 2550 iis,
737 2462 852 2528 Vir
901 2464 1086 2529 Doct.
1141 2464 1351 2548 Tiele,
1404 2463 1593 2549 paulo
1641 2470 1973 2549 postquam
2024 2462 2172 2527 mihi
2223 2462 2391 2527 misit
2438 2484 2627 2527 manu

579 2586 836 2671 scripta,
911 2584 1134 2671 quibus
1198 2584 1260 2647 in
1329 2584 1448 2649 hoc
1508 2604 1648 2648 meo
1697 2584 1913 2648 libello
1956 2582 2335 2648 conficiendo
2388 2590 2619 2668 uterer,

579 2712 975 2791 praematura
1007 2677 1221 2769 ⁹morte
1269 2704 1488 2769 litteris
1542 2710 1602 2767 et
1632 2702 2104 2787 Bibliothecae,
2158 2724 2319 2789 quae
2354 2702 2625 2767 Traiecti

582 2830 706 2909 est,
783 2824 1078 2910 abreptus
1151 2831 1244 2889 est
1317 2832 1378 2887 et
1443 2844 1677 2909 opera,
1762 2845 1947 2910 quam
2016 2822 2168 2887 mihi
2236 2822 2355 2887 hac
2423 2823 2483 2886 in
2553 2843 2622 2885 re

580 2944 856 3027 navavit,
909 2964 1111 3031 paene
1160 2944 1376 3007 ultima
1421 2941 1537 3006 fuit
1583 2943 1699 3006 viri
1750 2942 2143 3006 eruditissimi
2196 2949 2257 3007 et
2304 2941 2618 3005 humanis-

581 3064 738 3128 simi.
812 3062 948 3127 Viri
998 3062 1158 3127 doct.
1215 3061 1545 3149 Campbell
1594 3067 1655 3127 et
1706 3060 1803 3125 De
1854 3060 2139 3145 Roever‚
2193 3061 2297 3147 qui
2324 3066 2620 3147 praesunt

579 3182 1013 3248 Bibliothecae
1085 3182 1364 3268 Regiae,
1441 3203 1601 3267 quas
1669 3187 1761 3246 est
1840 3181 2068 3267 Hagae
2137 3180 2485 3264 Comitum,
2564 3188 2627 3245 et

581 3291 858 3373 Archivo
899 3301 1531 3387 Amstelaedamensi,
1584 3302 1883 3365 auxilium
1932 3302 2081 3365 mihi
2108 3300 2405 3385 tulerunt,
2446 3302 2617 3365 cuius

581 3446 831 3511 semper
879 3444 1118 3489 memor
1167 3444 1292 3489 ero.
1393 3422 1521 3486 Sed
1571 3422 1851 3508 inprimis
1902 3420 2078 3505 Tibi,
2132 3419 2246 3483 Vir
2280 3420 2462 3485 Doct.
2515 3420 2621 3483 Du

581 3544 772 3629 Rieu,
822 3551 1067 3629 gratum
1116 3563 1215 3606 me
1267 3562 1404 3607 esse
1454 3562 1571 3627 par
1621 3549 1731 3606 est.
1786 3540 1927 3604 Non
1961 3547 2198 3605 tantum
2230 3542 2395 3605 enim
2433 3518 2621 3625 mihi,

579 3670 648 3727 ut
695 3662 980 3749 saepiu8,
1034 3662 1310 3725 maxima
1357 3660 1729 3725 liberalitate
1779 3660 2136 3745 thesaurOS,
2191 3660 2415 3745 quibus
2447 3680 2619 3747 prae·

579 3784 821 3870 positus
895 3803 995 3867 es,
1074 3780 1411 3864 reclusisti,
1491 3778 1603 3844 sed
1665 3801 1804 3843 cum
1876 3782 2069 3845 semel
2134 3780 2301 3866 apud
2352 3780 2447 3845 Te
2496 3778 2626 3843 dixi

583 3924 766 3990 quam
840 3902 1062 3967 acriter
1134 3920 1425 3986 cuperem
1492 3899 1789 3985 epistolas
1859 3920 1893 3963 e
1968 3899 2363 3966 Bibliotheca
2422 3898 2625 3984 Regia

581 4024 907 4091 Hafniensi
978 4022 1318 4107 inspicere,
1393 4039 1577 4104 ecce,
1654 4017 1793 4083 Tua
1857 4018 2219 4084 auctoritate
2290 4025 2350 4085 et
2421 4020 2619 4105 gratia

583 4144 915 4211 arcessitae
967 4140 1287 4207 confestim
1336 4139 1488 4203 mihi
1538 4148 1786 4225 praesto
1837 4138 2111 4223 fuerunt,
2163 4145 2482 4224 tamquam
2522 4159 2621 4203 res

579 4264 725 4328 illae
796 4260 1112 4325 mirabiles
1179 4260 1240 4323 in
1314 4258 1543 4325 fabulis
1611 4256 1917 4322 Arabicis.
2018 4256 2271 4322 Utinam
2328 4257 2458 4342 Tu,
2515 4258 2619 4343 qui

582 4402 780 4470 nuper
825 4380 1052 4446 festum
1105 4363 1268 4444 diem
1322 4385 1447 4444 tam
1483 4377 1953 4445 memorabilem
1980 4377 2197 4464 egisti,
2252 4376 2356 4440 diu
2384 4376 2661 4463 praesis·
