2975 5209
1570 453 1659 517 82

582 650 772 716 tentia
838 655 946 714 tua
990 650 1345 736 profligari,
1405 649 1618 736 quidni
1668 649 1907 714 validos
1957 648 2249 735 producit
2300 668 2373 713 ac
2420 647 2637 712 bonos

583 769 851 856 praedes
899 769 980 853 (5²)
1037 769 1119 854 ¹),
1207 774 1276 833 ut
1354 769 1569 833 decisa
1648 790 1728 836 ex
1816 789 2015 855 aequo
2102 768 2213 833 lite
2290 788 2421 854 pax
2500 774 2650 830 tan-

587 888 728 953 dem
799 888 879 951 sit
949 887 1116 973 apud
1185 885 1396 952 Musas
1468 888 2025 975 Franequeranas?
2120 888 2195 952 Id
2278 909 2467 973 vero,
2534 909 2655 951 me

583 1008 956 1094 spondente,
1033 1029 1344 1091 nunquam
1415 1008 1602 1073 faciet
1674 1010 1861 1073 homo
1912 1008 2168 1087 rabula,
2220 1007 2401 1071 unice
2451 1014 2647 1069 natus

583 1128 662 1191 ad
697 1126 988 1191 serendas
1023 1128 1478 1213 contentioneS,
1519 1150 1747 1214 easque
1782 1128 2274 1215 pertinacissime
2309 1114 2649 1190 fovendas,

581 1247 862 1313 Bidlonis
937 1245 1298 1312 Orationem
1327 1250 1376 1331 2)
1451 1271 1529 1313 an
1602 1250 1856 1335 legisti?
1938 1247 2112 1333 Non,
2184 1246 2437 1332 opinor:
2524 1267 2657 1311 nec

583 1368 898 1432 suadeam.
951 1366 1018 1431 Si
1068 1373 1272 1432 tamen
1314 1370 1579 1454 legeriS,
1618 1390 1763 1434 ecce
1796 1368 2248 1456 Epigramma,
2288 1387 2408 1453 quo
2442 1366 2651 1429 homo

583 1486 832 1581 quidem
903 1509 1022 1552 non
1095 1486 1278 1568 valde
1351 1489 1539 1553 tristis
1620 1489 1963 1580 gratulatur
2037 1486 2287 1551 saeculo
2341 1507 2449 1549 suo
2506 1492 2649 1549 tarn

581 1606 980 1671 invidendum
1027 1606 1384 1671 thesaurum
1423 1610 1470 1693 3)
1504 1630 1518 1671 :

816 1726 870 1789 O
921 1749 1075 1813 puS,
1129 1746 1165 1790 ο
1217 1728 1535 1812 vomicae,
1588 1747 1624 1791 ο
1674 1726 1873 1791 lutum
1922 1727 2227 1811 lutosum,

819 1844 874 1909 O
923 1847 1170 1931 linguae
1217 1867 1408 1932 grave
1459 1846 1731 1911 dedecus
1780 1846 2043 1910 Latinae

818 1966 1114 2031 Tonsoris
1162 1966 1361 2030 Licini
1411 1966 1799 2030 cacationes!

819 2082 874 2148 O
926 2085 1072 2171 styli
1123 2086 1391 2171 macies,
1447 2092 1508 2149 et
1556 2086 1800 2149 inficeta

817 2204 1118 2289 SartagO!
1172 2227 1208 2269 o
1261 2205 1569 2269 Gothicae
1619 2206 1779 2270 nitor
1829 2204 2151 2292 loquelae!

815 2323 995 2387 Haec
1045 2324 1220 2387 audis
1270 2324 1611 2411 patienter,
1666 2330 1725 2389 et
1778 2345 2016 2390 veneno

819 2442 959 2505 Tali
1006 2443 1313 2530 pasceris,
1367 2443 1591 2529 Haga,
1648 2466 1760 2509 nec
1808 2444 2117 2531 pudebit?

817 2562 1004 2625 Hunc
1051 2570 1294 2627 nostrae
1345 2564 1595 2650 cupiunt
1643 2566 1875 2629 habere
1923 2564 2256 2629 Athenae?

817 2682 910 2745 Ite
957 2683 1351 2747 incommoda
1399 2684 1666 2749 saeculi:
1719 2686 1916 2770 perite

821 2801 1118 2866 Tonsoris
1166 2802 1368 2867 Licini
1417 2805 1806 2890 cacationeS,

822 2920 1167 3007 Tergendis
1215 2923 1460 2987 natibus
1512 2923 1716 2988 dicata
1766 2923 1997 2988 charta.
2112 2944 2123 2957 ’

686 3038 887 3125 Vale,
942 3041 1026 3103 mi
1066 3041 1514 3125 jucundissime
1540 3043 1863 3127 Perizoni,
1911 3049 1971 3107 et
2002 3042 2153 3107 ride.
2193 3038 2447 3106 Dabam
2480 3037 2645 3101 Am-

593 3158 920 3224 stelodami
974 3162 1057 3224 26
1108 3160 1314 3225 Martii
1369 3166 1566 3227 1691,

689 3278 924 3343 Ultima
986 3282 1046 3344 in
1117 3280 1400 3365 Oedipus
1464 3284 1825 3368 producitur
1900 3286 2068 3371 apud
2135 3284 2473 3366 Senecam,
2528 3302 2649 3345 seu

595 3399 938 3486 quicunque
989 3407 1080 3464 est
1130 3407 1341 3464 auctor
1389 3401 1910 3489 Phoenissarum,
1962 3425 2049 3469 vs,
2091 3406 2251 3469 313.
2290 3402 2416 3467 ms
2454 3400 2651 3467 Oedi-

581 3538 715 3601 pus
763 3520 976 3603 Aeyea
1026 3520 1313 3584 tranabit
1347 3522 1552 3606 freta.
1651 3524 1749 3587 Tu
1800 3524 2038 3610 cogita,
2092 3524 2176 3588 mi
2209 3522 2539 3606 Perizoni,
2584 3528 2651 3586 et

595 3658 696 3701 me
747 3659 904 3701 ama.

1420 3836 1828 3858 ‘Nwt-lvvwmw-lb

687 4040 728 4114 ι)
815 4041 1096 4100 Fortasse
1139 4044 1460 4117 praesides
1504 4044 1830 4121 legendum
1876 4051 1983 4105 est.

685 4128 728 4199 2)
817 4127 907 4184 De
953 4127 1291 4186 Godefredo
1337 4130 1553 4189 Bidloo
1598 4132 1735 4189 vide
1782 4132 1859 4189 ad
1896 4130 2084 4209 Epist.
2116 4133 2253 4189 102.
2297 4128 2653 4189 Orationem

595 4210 811 4270 habuit
881 4231 1086 4271 mense
1157 4213 1436 4273 «Ianuarii
1524 4216 1598 4274 de
1672 4217 1835 4275 felici
1895 4218 2162 4275 adventu
2208 4260 2221 4274 .
2257 4260 2313 4274 ..
2344 4260 2398 4273 ..
2458 4215 2650 4292 Regis

599 4297 883 4357 Gulielmi
926 4299 1038 4357 III.

688 4378 736 4456 3)
823 4383 981 4442 Illud
1029 4384 1398 4462 epigramma
1442 4386 1696 4463 legimus
1741 4388 1803 4445 in
1853 4388 2087 4463 Poena,
2132 4407 2269 4467 pag.
2322 4389 2461 4445 267.
2554 4378 2654 4446 Eo*

596 4467 730 4531 loco
774 4469 1150 4529 inscribitur:
1198 4470 1272 4529 In
1318 4472 1627 4531 Licinium
1658 4480 1999 4551 tonsorem.
