2975 5209
1315 491 1402 555 95

2028 607 2043 649 ι

1238 708 1349 752 seu
1387 687 1621 772 pinyui
1666 692 1873 750 tentus
1921 689 2138 750 “omaso

565 801 813 866 Fur-ius
860 800 1163 865 hibernas
1213 820 1378 864 caua
1428 800 1569 862 nive
1619 800 1910 882 conspuit
1957 799 2175 882 Alpes.

333 920 500 984 Nam
576 943 716 986 eum
789 941 1034 984 versum
1103 925 1171 984 ut
1242 917 1320 982 A.
1366 917 1539 982 Furii
1583 917 1851 982 Antiatis
1893 917 2181 1002 credam,
2234 914 2383 980 facit

335 1042 643 1128 expositio
670 1040 970 1106 Acronis:
1026 1039 1272 1104 Furius
1303 1039 1663 1105 Bibaculus
1688 1043 1756 1104 in
1786 1039 2169 1126 Praqmatia
2192 1037 2338 1102 belli
2364 1058 2388 1101 .·

337 1163 600 1246 Jupiter
647 1160 986 1238 hibernas,
1039 1166 1153 1226 ete.
1257 1159 1507 1225 Furius
1546 1167 1741 1244 pocta
1775 1162 2078 1224 immanis
2108 1160 2376 1242 veniris,

339 1285 450 1367 qui
495 1285 701 1347 nivem
751 1302 1040 1365 spumam
1091 1281 1371 1364 (mallem
1421 1301 1540 1366 ego
1587 1281 1867 1364 sputum)
1943 1280 2132 1345 Jovis
2193 1279 2380 1343 dixit.

333 1403 479 1468 ideo
528 1403 643 1468 hoc
691 1405 831 1488 ejus
870 1423 1190 1486 personae
1238 1380 1442 1488 dedit,
1514 1408 1841 1488 tamquam
1890 1401 2024 1486 ipse
2074 1405 2282 1485 spuat.
2322 1399 2387 1459 τὸ

338 1523 703 1587 Bibaculus
751 1521 997 1588 aliunde
1045 1522 1202 1588 ist-uc
1249 1523 1550 1586 intrusum
1600 1521 1800 1586 videri
1836 1521 2051 1608 possit.
2152 1519 2386 1584 Notum

339 1643 504 1707 enim
552 1633 645 1707 est
693 1663 877 1729 quam
925 1642 1159 1706 nullam
1211 1643 1600 1707 occasionem
1654 1613 2141 1728 praetermiserit
2181 1641 2388 1706 Hora-

335 1762 458 1827 tius
551 1762 906 1849 exagitandi
985 1768 1225 1828 veteres
1299 1766 1563 1849 poetas,
1648 1759 1955 1846 Ennium,
2039 1759 2375 1844 Lucilium,

335 1883 665 1970 Plautum,
743 1884 916 1948 alios,
1017 1882 1283 1948 Accedit
1349 1882 1517 1969 quod
1590 1881 1757 1967 apud
1810 1879 2087 1946 Gellium
2135 1873 2385 1943 Caesel-

335 2003 460 2067 lius
525 2001 776 2068 Vindex
824 2003 988 2068 dicat
1036 2001 1294 2068 Furium
1343 2008 1619 2067 veterem
1666 2006 1918 2088 poetam
1970 1998 2383 2064 dedecorasse

336 2124 621 2208 linguam
670 2122 956 2188 Latinam
997 2122 1335 2187 audacibus
1357 2121 1718 2206 hujusmodi
1743 2142 1967 2186 vocum
1991 2118 2378 2203 fictionibus,

338 2264 502 2330 quae
556 2243 644 2307 ibi
690 2244 1009 2329 leguntur:
1081 2243 1249 2329 atqui
1297 2264 1417 2306 non
1467 2241 1763 2307 abhorret
1811 2263 1848 2306 a
1895 2241 2112 2306 talium
2158 2260 2383 2306 vocum

335 2363 675 2428 architecto
725 2364 905 2449 (quas
953 2369 1159 2428 tamen
1211 2385 1328 2449 ego
1385 2363 1682 2428 damnare
1731 2362 1947 2445 nolim)
1996 2366 2125 2426 tam
2174 2359 2384 2424 audax

334 2484 527 2547 simul
605 2507 677 2549 ac
757 2483 982 2570 frigida
1061 2484 1401 2548 translatio.
1534 2482 1727 2570 Apud
1814 2480 2381 2548 Commentatorem

337 2601 766 2689 Cruquianum
815 2603 1082 2689 legitur:
1175 2604 1419 2668 Fusius
1481 2601 1836 2667 Vivaculus
1886 2604 1955 2666 iu
2004 2600 2386 2686 Praqmatia

337 2722 490 2786 belli
541 2722 784 2787 Gallici
834 2725 926 2787 sic
975 2744 1249 2788 exorsus
1301 2731 1425 2811 est,
1479 2723 1741 2808 Jupiter
1778 2723 2109 2807 hibernaS,
2149 2728 2264 2785 etc.
2316 2719 2387 2784 Si

334 2845 400 2902 τὸ
472 2841 832 2908 Bibaculus
904 2845 1224 2908 insititium
1294 2844 1511 2929 fuerit,
1582 2846 1675 2927 (ut
1738 2841 1987 2930 quidem
2044 2862 2219 2907 meus
2268 2841 2388 2904 fert

334 2963 607 3047 animus)
658 2984 796 3028 eam
835 2962 1258 3048 Pragmatiam
1279 2963 1457 3049 belli3
1514 2962 1701 3049 adde,
1756 2964 1807 3026 si
1840 2963 2045 3047 lubet,
2103 2960 2379 3046 Gallici3

333 3081 604 3146 eandem
652 3081 846 3146 videri
895 3103 1036 3145 cum
1068 3080 1413 3146 Annalibus
1448 3104 1484 3146 a
1515 3080 1833 3146 Macrobio
1867 3081 2161 3167 laudatiS,
2198 3101 2381 3144 nemo

333 3202 563 3287 opinor
657 3202 924 3287 negabit.
1025 3201 1151 3267 Sed
1234 3201 1438 3286 diceS,
1527 3200 1841 3266 Acronem
1914 3201 2093 3264 nimis
2170 3205 2385 3285 aperte

335 3328 556 3387 contra
605 3344 705 3387 me
753 3330 944 3409 stare,
1000 3329 1060 3388 et
1106 3323 1267 3388 ferro
1321 3345 1421 3388 me
1469 3323 1556 3386 uti
1609 3323 1817 3387 critico
1864 3344 1983 3386 non
2018 3320 2165 3385 satis
2201 3340 2383 3407 opor-

325 3450 501 3507 tune.
577 3441 887 3530 Fatebor,
939 3445 992 3508 si
1047 3444 1386 3509 constiterit
1435 3465 1571 3509 esse
1620 3444 1778 3508 haec
1828 3443 2068 3506 scholia
2114 3441 2383 3527 genuina

329 3568 400 3628 et
449 3582 597 3627 vera
643 3562 871 3648 scripta
919 3561 1222 3649 AcroniS‚
1300 3563 1690 3649 grammatici
1745 3563 1939 3628 multo
2001 3560 2378 3647 doctissimi,

326 3701 499 3746 nunc
547 3687 754 3746 autem
805 3682 986 3748 toties
1026 3683 1438 3770 interpolata,
1492 3683 1673 3748 toties
1707 3688 1991 3769 recocta,
2044 3682 2181 3769 quis
2228 3681 2383 3745 mihi

327 3801 742 3888 persuadebit
815 3803 937 3867 hoc
1007 3805 1148 3868 loco
1222 3805 1420 3869 minus
1473 3824 1609 3868 esse
1660 3808 1978 3889 corrupta,
2032 3822 2218 3888 quam
2266 3801 2387 3866 sint

329 3919 478 3987 aliis
527 3921 812 3986 trecentis
837 3923 867 3985 P
965 3921 1137 3988 Furii
1187 3923 1476 3999 Bibaculi
1526 3923 1826 3987 recentior
1876 3927 2007 3986 erat
2056 3921 2374 4007 memoria,

330 4062 526 4128 quam
566 4039 741 4105 Furii
789 4040 1097 4107 Antiatis:
1149 4043 1292 4108 ideo
1341 4042 1572 4107 factum
1621 4045 1808 4128 puto,
1861 4061 2002 4104 cum
2038 4040 2100 4104 in
2134 4038 2385 4106 Acrone

329 4164 688 4247 legeretur,
757 4163 1004 4228 Furius
1064 4166 1132 4227 iu
1195 4163 1583 4248 Praymatia
1632 4161 1813 4246 belli,
1866 4167 1933 4225 ut
1982 4161 2385 4226 scholasticus

333 4280 604 4367 aliquiS,
660 4284 764 4369 qui
811 4284 1211 4350 inaudivisset
1241 4285 1451 4370 plures
1483 4284 1606 4347 hoe
1646 4280 1891 4346 nomine
1923 4285 2142 4367 poetas
2172 4281 2384 4366 fuisse,

329 4398 620 4486 interque
703 4423 810 4467 eos
885 4404 1326 4489 praecipuum=
1364 4403 1768 4487 Bibaculum,
1850 4399 2159 4466 addiderit
2231 4398 2386 4462 illud

329 4520 722 4588 Bibaculus,
820 4521 906 4587 Et
952 4545 1030 4589 ne
1078 4545 1180 4588 me
1212 4531 1398 4611 putes
1437 4523 1699 4588 nebulas
1733 4527 2023 4610 captare3
2056 4520 2121 4585 id
2155 4518 2383 4584 accidit
