2975 5209
1367 480 1374 485 ·
1401 476 1488 543 25
1526 462 1533 467 ’

1339 670 1466 739 xv
1507 671 1567 759 ι).

1213 840 1447 908 nicolao
1493 841 1717 907 Heinsio

1155 957 1325 1022 lanus
1371 952 1773 1018 Broekhusius.

525 1082 784 1163 Praeter
817 1098 1320 1184 expectationem
1345 1096 1581 1179 evenit,
1611 1095 1835 1160 Heinsi
1860 1094 2283 1174 Nobilissime,
2314 1094 2481 1182 quod

429 1238 650 1302 versus
725 1239 901 1283 meos
973 1217 1271 1282 militares
1336 1223 1396 1282 et
1463 1216 1749 1280 horridos
1799 1221 1926 1279 tam
1973 1216 2215 1301 prolixo
2268 1215 2483 1280 favore

433 1338 760 1423 excepisti.
859 1336 944 1400 Et
989 1336 1168 1402 faveo
1223 1357 1374 1405 sane
1423 1333 1711 1398 laudibus
1762 1334 1944 1399 meis:
2000 1355 2107 1399 cur
2155 1330 2317 1399 e'nim
2352 1335 2482 1407 lau-

436 1456 579 1520 dari
647 1456 954 1541 refugiam
1031 1478 1069 1520 a
1116 1463 1175 1521 te
1224 1457 1352 1520 viro
1403 1454 1879 1527 laudatissimo?
1927 1452 2135 1518 Unum
2182 1454 2339 1518 illud
2384 1474 2487 1518 me

435 1575 603 1639 male
652 1574 870 1660 habet,
922 1575 1074 1639 nihil
1119 1596 1158 1639 a
1206 1596 1306 1639 me
1355 1580 1483 1639 tam
1534 1574 1858 1660 magnifice
1903 1573 2022 1637 diei
2055 1594 2273 1659 posse,
2318 1572 2487 1660 quod

439 1716 564 1759 non
637 1695 716 1758 sit
787 1695 972 1780 longe
1020 1693 1179 1759 infra
1227 1702 1338 1759 tua
1381 1695 1440 1758 in
1493 1694 1701 1758 literas
1751 1694 1989 1759 merita.
2066 1692 2358 1778 Elegiam
2408 1692 2487 1757 ad

440 1814 871 1880 Celsissimum
885 1814 1243 1901 Principem
1255 1813 1507 1879 Paderb
1515 1834 1621 1877 orn
1629 1834 1839 1878 ensem
1847 1810 1898 1898 2)
1913 1812 2138 1877 vidisse
2148 1818 2209 1878 te
2220 1812 2485 1898 gaudeo,

437 1932 608 2007 Quid
652 1934 715 1998 in
766 1956 842 1999 ea
891 1934 1254 1999 mutandum
1307 1954 1591 2019 censeaS,
1646 1934 1881 1997 monuit
1930 1954 2030 1997 me
2058 1940 2267 1999 noster
2290 1932 2487 1997 Fran·
2599 1963 2605 1970 ·

441 2053 574 2118 cius
609 2056 679 2137 3).
752 2052 838 2119 Et
907 2060 1074 2118 recte
1144 2074 1389 2119 censes:
1465 2075 1816 2141 quanquam
1865 2053 1955 2138 (ut
2005 2074 2221 2117 verum
2268 2051 2489 2136 fatear)

440 2153 722 2239 defectus
771 2174 888 2239 iste
939 2174 1380 2259 subterfugerit
1429 2175 1646 2239 oculos
1695 2194 1887 2238 meos.
1988 2170 2116 2237 Sed
2163 2193 2283 2237 non
2327 2170 2485 2237 adeo

447 2294 672 2357 mirum
722 2294 842 2358 hoc
891 2294 1086 2360 videri
1138 2294 1326 2359 debet
1373 2294 1436 2358 in
1484 2294 1737 2358 homine
1786 2291 2204 2357 tumultuarie.
2291 2291 2496 2367 Quam

448 2414 616 2479 enim
665 2415 744 2479 sit
793 2416 1054 2479 arduum
1102 2415 1260 2479 inter
1307 2414 1488 2478 tubas
1540 2419 1601 2477 et
1647 2420 1947 2499 tympana
1992 2411 2187 2477 Musis
2236 2433 2493 2498 vacare,

445 2535 588 2621 ipsa
633 2554 735 2598 me
785 2533 1058 2619 quotidie
1114 2533 1500 2620 experientia
1549 2532 1749 2597 docet.
1802 2530 2054 2597 Utinam
2102 2532 2354 2597 tandem
2392 2532 2503 2596 ali·
2606 2536 2611 2543 '

449 2654 698 2739 quando
771 2653 946 2718 Deus
1017 2654 1356 2719 honestam
1429 2672 1655 2739 pacem
1704 2652 2005 2737 largiatur
2052 2651 2508 2717 afflictissimae

443 2773 714 2873 patriae,
772 2794 1012 2859 egoque
1060 2774 1146 2837 ita
1203 2772 1545 2838 fortunulas
1587 2793 1758 2837 meas
1795 2773 2168 2858 compositas
2204 2771 2503 2851 habeam,

554 2961 594 3035 ¹)
678 2962 764 3020 In=
794 2962 1178 3021 Bibliotheca
1221 2961 1584 3022 Traiectina.

543 3043 594 3121 2)
681 3048 748 3105 Β.
799 3065 1039 3106 carmen
1071 3048 1428 3125 composuit:
1477 3047 1582 3105 Ad
1614 3048 2206 3107 Reverendissimum
2224 3047 2502 3109 Celsissi-

445 3127 734 3209 mumque
802 3133 1154 3209 Principem
1221 3132 1725 3207 Ferdinandum‚
1808 3134 2186 3211 Episcopum
2269 3135 2500 3193 Pader-
2597 3187 2607 3196 .

451 3219 806 3277 bornensem
853 3236 923 3277 ac
958 3219 1518 3277 ‘Monasteriensem
1550 3218 1647 3294 (cf.
1699 3219 1929 3294 Poem.‚
1974 3238 2114 3297 pag.
2167 3220 2245 3293 1).

534 3302 956 3362 Ferdinandus
1023 3322 1062 3361 a
1122 3304 1573 3381 Fuerstenberg
1638 3305 2143 3380 (lma-1683),
2212 3322 2243 3363 e
2304 3300 2495 3381 'gente

447 3388 647 3447 nobili
679 3389 1094 3464 *Germanicsq
1154 3408 1314 3447 anno
1380 3391 1538 3448 1661
1591 3390 1905 3467 episcopus
1947 3388 2497 3467 Paderbornensis‚

450 3492 615 3533 anno
688 3476 848 3533 1678
918 3475 1229 3552 episcopus
1293 3474 1782 3534 Monasteriensis
1832 3475 2130 3549 initiatus,
2177 3475 2521 3535 Maecenas.

450 3560 568 3619 fuit
631 3560 896 3618 virorum
950 3560 1262 3620 doctorum
1307 3566 1366 3619 et
1410 3564 1741 3638 poetarum.
1833 3560 2081 3638 Scripsit
2126 3560 2200 3619 de
2244 3561 2501 3621 historia.

442 3644 932 3705 Paderbornensi
978 3652 1039 3706 et
1085 3646 1351 3704 carmina
1395 3645 1617 3705 Latina
1662 3645 1867 3705 edidit.

539 3726 588 3804 3)
675 3730 960 3789 Heinsius
1007 3732 1321 3791 annotavit
1367 3730 1442 3789 ad
1489 3731 1807 3809 epistolam
1837 3730 2230 3791 Broukhusii:
2264 3732 2499 3811 „Scrip-

436 3821 604 3875 serat
646 3816 906 3875 Francio
950 3817 1270 3891 Heinsius,
1315 3817 1569 3894 primam
1616 3817 1679 3875 in
1713 3819 2001 3877 acidulas
2034 3819 2109 3893 (ΣΡ)
2137 3817 2500 3895 productam

438 3907 506 3962 et
570 3902 964 3980 posteriorem
1030 3904 1094 3961 in
1149 3903 1378 3961 Aether
1423 3907 1765 3979 correptam
1810 3902 2028 3978 fuisse,
2075 3908 2393 3980 praeterea
2435 3902 2499 3960 in

435 3987 779 4045 Alexandri
845 3972 1095 4066 Sept‘imi
1160 3988 1346 4047 musis
1412 3987 1731 4047 laudandis
1797 3988 2050 4047 nimium
2119 3989 2232 4048 sibi
2307 3988 2501 4047 visum

439 4072 968 4149 Brouckhusium‚
1039 4092 1197 4151 quae
1263 4073 1367 4131 vix
1435 4092 1615 4151 supra
1679 4072 2161 4133 mediocritatem
2208 4093 2497 4152 exsurge-

436 4162 600 4232 rent,
643 4157 801 4235 quod
847 4159 975 4236 ipse
1019 4159 1529 4236 Furstenbergius
1573 4177 1696 4218 non
1741 4157 2145 4220 diffitebatur.
2193 4160 2339 4222 Dari
2370 4160 2497 4237 qui-

437 4244 578 4301 dem
648 4244 879 4320 aliquid
943 4244 1276 4303 viventium
1342 4244 1620 4319 auribus,
1691 4242 1794 4301 sed
1854 4250 2149 4321 mor-tuoe,
2198 4264 2235 4303 a
2280 4245 2498 4322 quibus

433 4328 593 4387 nihil
637 4330 871 4407 gratiae
916 4348 1254 4407 speramus,
1301 4329 1615 4389 invidiosis
1646 4328 1924 4389 laudibus
1956 4332 2245 4408 prosequi
2266 4331 2498 4389 nullam

429 4414 772 4475 uti-litatem
816 4415 1033 4475 ferre.”
1770 4420 1773 4423 ’

527 4500 734 4560 Verba
776 4500 884 4560 illa
925 4500 989 4561 in
1035 4500 1300 4561 carmine
1348 4500 1465 4578 (ed.
1520 4502 1708 4579 1711)
1754 4520 1881 4561 non
1926 4502 2234 4581 leguntur.
