2975 5209
1144 578 1152 587 ,
1375 502 1413 575 3

367 713 653 771 taverum
735 707 827 769 sui
912 704 1210 792 temporis
1295 706 1867 791 elegantissimum”
1944 709 2103 774 inter
2181 702 2418 775 Tibulli

369 825 641 891 editores
699 826 964 891 vocavit.
1063 826 1237 890 Illius
1305 825 1419 889 viri
1469 826 1767 912 epistolas
1817 828 2148 915 colligere,
2220 837 2287 894 ut
2335 838 2445 895 ex*

325 946 441 1033 'iis
492 946 624 1010 eius
673 946 835 1011 vitae
885 968 1132 1011 cursum
1179 946 1596 1031 illustrarem,
1660 946 1812 1011 mihi
1861 949 2179 1035 proposui.
2284 948 2409 1015 Sed

368 1073 698 1151 antequam
761 1066 840 1130 de
897 1066 1302 1152 dispositione
1351 1066 1473 1131 mei
1526 1068 1810 1153 opusculi
1860 1066 2062 1155 deque
2112 1066 2490 1155 materia,

366 1208 526 1273 quae
597 1186 766 1251 mihi·
817 1197 1068 1273 praesto
1135 1184 1282 1271 fuit,
1362 1186 1554 1251 verba
1619 1185 1820 1273 facio,
1904 1187 1982 1253 de
2032 1184 2413 1255 Broukhusii
2505 1180 2509 1187 ’

364 1307 495 1371 vita
539 1327 738 1395 pauca
769 1307 846 1370 in
896 1308 1263 1372 memoriam
1313 1306 1641 1371 revocabo.

372 1530 394 1571 x
456 1473 651 1565 Janus
698 1500 1132 1567 Broukhusius
1181 1524 1235 1567 a.
1265 1503 1323 1566 d.
1376 1502 1507 1567 XX
1555 1502 1715 1568 NoV.
1768 1502 2174 1572 MDOXLIX
2224 1512 2403 1571 natus

363 1636 456 1686 est·
511 1620 1004 1687 Amstelaedami
1047 1624 1106 1707 ¹).
1206 1622 1598 1690 Burmannus
1650 1630 1708 1687 et
1752 1622 1861 1687 illo
1898 1632 2150 1691 auctore
2185 1625 2404 1713 Hoog-

361 1748 666 1809 stt-atauus
751 1715 1126 1807 contendunt
1219 1741 1364 1806 Jani
1437 1764 1707 1830 proavos
1779 1744 1841 1807 in
1910 1744 2405 1830 Traiectinorum

359 1861 660 1925 nobilium
733 1882 989 1927 numero
1065 1882 1202 1925 esse
1271 1861 1633 1926 referendos
1666 1863 1754 1949 2),
1832 1862 1943 1927 sed
2019 1885 2159 1929 cum
2230 1872 2410 1952 pater

356 1984 623 2064 poetae,
713 1978 1032 2045 Gerardus
1105 1967 1582 2066 Broukhusius,
1656 1990 1903 2055 tenuem
1981 1984 2207 2049 victum
2284 1986 2407 2050 sibi

359 2099 730 2184 quaesiverit
762 2099 944 2185 pileis
981 2108 1042 2165 et
1073 2100 1446 2164 fabricandis
1483 2108 1545 2165 et
1578 2099 1998 2187 vendicandis,
2049 2108 2109 2167 et
2139 2103 2406 2185 „deinde

355 2193 426 2279 irr
469 2217 783 2282 decuriam
818 2217 1174 2283 Scribarum
1217 2220 1504 2305 collegii,
1534 2221 1723 2309 ,quod
1759 2242 1857 2285 res
1899 2222 2135 2308 patriae
2160 2229 2409 2287 nostrae

355 2332 735 2399 maritimas'’
778 2339 852 2420 ³).
892 2336 1380 2423 administravit,
1433 2339 1619 2405 fuerit.
1668 2339 1986 2426 adlectus,
2040 2340 2237 2406 Janus
2287 2362 2405 2405 non

355 2456 620 2521 multum
674 2457 986 2521 curavisse
1033 2458 1344 2544 putandus
1387 2464 1517 2544 est,
1573 2465 1777 2524 utrum
1812 2459 2004 2525 nobili
2038 2482 2113 2524 an
2142 2433 2408 2526 obscuro

354 2560 496 2640 loco
545 2584 722 2640 natus
773 2578 1015 2662 esset4).
1072 2576 1271 2644 Mater
1320 2586 1526 2644 tamen
1575 2579 1997 2665 Broukhusii,
2048 2580 2191 2648 Eva
2222 2581 2393 2667 Vos,

355 2694 644 2779 gentibus
703 2694 1058 2761 Huddenae
1107 2704 1292 2783 atque
1341 2698 1608 2763 Witsiae
1633 2749 1651 2781 ,
1722 2720 1881 2786 quae
1929 2700 1989 2764 in
2039 2700 2195 2765 urbe
2245 2699 2401 2764 Am-

357 2814 840 2879 stelaedamensi
871 2816 1213 2905 principem
1245 2817 1452 2881 locum
1487 2818 1593 2882 diu
1626 2819 1983 2904 tuebantur,
2024 2808 2155 2884 erat
2182 2820 2401 2885 affinis.

351 2931 561 3017 Puer,
619 2934 672 2998 ei
724 2941 900 3019 patre
951 2942 1203 3021 erepte,
1259 2958 1294 2999 a
1342 2945 1563 3021 patruo
1616 2936 1858 3001 Joanne
1891 2936 2402 3023 Broukhusio⁵)‚

295 3044 328 3079 ’Χ
352 3053 414 3115 in
464 3054 636 3117 cuius
683 3048 944 3129 tutelam
989 3055 1185 3139 venit,
1256 3055 1401 3120 ludo
1451 3056 1712 3121 traditus
1764 3064 1895 3141 est,
1948 3064 2016 3120 ut
2062 3056 2407 3121 litterarum

353 3174 659 3238 elementa
708 3173 988 3237 disceret.
1093 3173 1450 3238 Hadrianus
1491 3174 1715 3239 Junius
1748 3176 1833 3261 ⁰),
1875 3176 1977 3261 qui
2012 3197 2087 3241 eo
2122 3184 2404 3263 tempore

451 3332 490 3409 ¹)
537 3335 724 3393 Vide:
774 3334 896 3393 Het
940 3336 1108 3395 leven
1155 3356 1274 3395 van
1311 3337 1478 3396 Joan
1513 3356 1632 3396 van
1665 3337 2125 3411 Broekhuizen,
2169 3356 2307 3415 pag.
2346 3340 2401 3395 8.

351 3421 520 3478 Haec
564 3421 989 3479 commentatio
1015 3422 1222 3481 iuncta
1247 3428 1336 3481 est
1362 3422 1612 3481 editioni
1638 3422 1967 3480 carminum
1992 3421 2399 3499 Belgicorum.
2500 3448 2507 3455 ·

350 3506 764 3565 Broukhusius
787 3506 914 3583 ipse
939 3506 1059 3565 diei
1083 3507 1306 3566 natalis
1329 3527 1463 3566 men
1473 3509 1698 3567 tionem
1715 3508 1869 3567 fecit·
1881 3508 1942 3565 in
1958 3508 2147 3584 Epist.
2174 3506 2397 3565 LXIV.

437 3587 489 3664 2)
534 3590 1002 3650 Broukhusiana
1045 3610 1196 3669 gens
1241 3594 1463 3651 nobilis
1510 3594 1640 3651 sine
1686 3591 1869 3652 dubio
1917 3599 2047 3651 erat
2087 3592 2229 3650 alia.

441 3672 490 3749 3)
559 3676 648 3735 Of.
717 3677 1049 3734 Burmanni
1123 3678 1331 3751 Orat.‚
1398 3679 1516 3751 l.l.,
1584 3696 1722 3755 pag.
1790 3679 1926 3736 165.
2017 3678 2402 3735 Burmannus

351 3761 694 3921 siggificxarrg
715 3761 980 3904 vifflpctur:
1005 3762 1196 3906 Klerldt
1221 3762 1298 3905 b}j
1317 3762 1391 3905 {e
1411 3764 1930 3905 Oomrfnissarissen
1947 3763 2401 3921 vapgeezaken.

633 3847 653 3904 i
699 3864 732 3904 e
871 3866 898 3905 e
943 3850 1066 3905 iam
1113 3867 1150 3905 a
1285 3867 1325 3905 u
1354 3850 1478 3905 iam
1523 3852 1545 3923 (
1606 3867 1779 3923 cem„
1825 3867 1963 3925 pag.
2056 3854 2069 3875 ‘
2132 3868 2144 3905 :

611 3932 777 4007 „Etsi
823 3867 936 3990 neq}
983 3931 1222 4009 generis
1269 3932 1379 3991 tibi
1424 3950 1520 3991 mc
1566 3932 1943 3991 commendat
1988 3932 2135 3991 aviti

513 4022 520 4036 “’
607 4016 846 4090 Gloria,
893 4035 1006 4075 nec
1049 4012 1227 4075 titulo
1273 4018 1428 4076 fulta
1471 4023 1720 4095 potente
1767 4018 2038 4093 domus,”
2086 4022 2238 4076 caet.

321 4160 326 4165 ,
403 4160 408 4165 ,
439 4098 488 4176 ⁵)
534 4102 792 4160 Patruus
827 4102 930 4161 ifle
956 4101 1170 4160 eodem
1197 4103 1457 4181 collegio
1484 4108 1617 4161 erat
1641 4102 1987 4177 adiunctus,
2026 4102 2136 4161 ,sed
2162 4103 2405 4161 tabulas

350 4186 581 4264 accepti
626 4193 686 4245 et
732 4188 987 4264 expensi
1033 4188 1301 4246 curabat.

437 4268 487 4345 ⁰)
574 4272 886 4349 Pel-pauca
947 4272 1022 4329 de
1067 4272 1234 4330 Junii
1280 4274 1407 4331 vita
1451 4277 1601 4332 nota
1645 4278 1801 4331 sunt.
1890 4272 2065 4346 Fuit,
2110 4273 2173 4330 ni
2206 4272 2403 4341 fallor,

220 4393 230 4401 -
349 4357 426 4414 ab
492 4375 652 4415 anno
725 4359 886 4415 1635
955 4357 1032 4415 ad
1107 4359 1266 4416 1670
1337 4358 1559 4415 Rector
1618 4357 1875 4416 Scholae
1920 4358 1983 4416 in
2028 4376 2189 4416 nova
2230 4364 2403 4435 parte

348 4442 531 4500 urbia.
620 4442 1036 4501 Broukhusius
1096 4461 1340 4501 carmen
1395 4443 1656 4501 funebre
1718 4443 1780 4500 in
1837 4462 1975 4501 eum
2019 4444 2257 4521 scripsit
2299 4442 2399 4518 (cf.

348 4527 597 4602 Poem.,
645 4546 785 4605 pag.
837 4528 1006 4601 498).
