2975 5209
1247 500 1330 562 93

281 695 468 780 magis
515 699 731 758 ratam.
805 692 966 757 Vale
1012 691 1128 756 Vir
1176 691 1571 777 Clarissime‚
1626 697 1686 756 et
1734 712 1861 775 me,
1915 689 2081 776 quod
2130 688 2307 773 facis,

283 835 478 880 amare
525 836 736 901 perge.

367 933 834 1000 Amstelodami.
896 935 971 997 11
1029 933 1200 1017 Maji.
1261 935 1459 996 1692.

1106 1179 1475 1247 LXXVIII.

706 1322 1010 1386 Theodoro
1055 1323 1318 1386 lansonio
1363 1322 1436 1386 ab
1480 1321 1876 1386 Almelooveen

993 1435 1160 1498 lanus
1205 1433 1613 1498 Broukhusius.

368 1572 470 1654 Ex
516 1575 796 1640 diuturno
846 1575 1098 1639 silentio·
1141 1581 1281 1661 tu0‚
1333 1573 1448 1639 Vir
1502 1561 1909 1660 amicissime,
1967 1574 2118 1638 nihil
2166 1571 2313 1638 boni

276 1692 402 1775 jam
470 1693 709 1780 pridem
783 1695 1204 1779 augurabatur
1254 1697 1518 1760 animus.
1618 1695 1745 1760 Sed
1792 1696 1952 1760 bene
2003 1700 2102 1759 est
2144 1692 2312 1778 quod

285 1815 660 1897 convaluisti,
744 1813 1031 1901 quodque
1113 1815 1237 1879 vim
1313 1838 1491 1880 suam
1562 1815 1936 1902 tempestive
2008 1813 2315 1878 remiserit

285 1934 525 1997 morbus
573 1956 695 1999 non
746 1957 995 2022 semper
1026 1936 1327 2000 innoxius.
1396 1934 1697 1999 Annitere
1746 1954 1930 2020 porro
1965 1939 2032 1996 ut
2064 1933 2311 2018 valeaS,

283 2073 470 2140 neque
537 2061 596 2120 te
665 2055 918 2120 nimium
969 2077 1215 2120 macera
1263 2054 1711 2140 intempestivis
1762 2053 2309 2118 lucubrationibus·

282 2170 433 2236 Nam
507 2176 604 2238 cui
677 2195 907 2261 quaeso
978 2175 1140 2240 bono
1190 2176 1306 2238 ista
1357 2197 1391 2239 e
1439 2175 1633 2239 literis
1686 2173 1818 2238 sive
1867 2173 2134 2258 gloriola
2183 2173 2313 2236 sive

283 2288 636 2379 delectatio,
689 2296 740 2358 si
789 2316 910 2359 non
962 2269 1075 2358 nisi
1123 2317 1263 2358 cum
1315 2293 1640 2381 dispendio
1689 2294 1894 2358 bonae
1944 2292 2312 2358 valetudinis

281 2409 486 2478 haberi
528 2416 786 2500 potest?
882 2414 1101 2480 Liceat
1150 2421 1210 2479 et
1257 2415 1434 2479 nobis
1486 2416 1732 2499 vivere,
1788 2435 1928 2476 cum
1977 2417 2066 2477 tot
2100 2412 2310 2477 vivant

283 2530 377 2594 alii
430 2553 626 2619 neque
676 2533 858 2599 valde
907 2536 1233 2620 meliores,
1311 2556 1511 2620 neque
1561 2533 1744 2599 valde
1792 2533 2071 2598 utiliores
2122 2532 2309 2596 rebus

282 2647 538 2717 Musicis.
639 2653 1008 2718 Dictionarii
1092 2653 1300 2718 Critici
1373 2653 1665 2718 Pericula
1702 2657 1743 2738 ¹)
1817 2653 1977 2739 vidi,
2056 2658 2117 2717 et
2188 2653 2313 2737 legi

282 2773 464 2835 multa
530 2793 672 2837 cum
743 2774 1082 2860 voluptate.
1183 2770 1436 2836 Utinam
1500 2780 1715 2838 auctor
1760 2773 1865 2837 ille
1916 2773 2228 2856 (Baelium
2263 2773 2312 2856 2)

283 2908 409 2955 esse
453 2892 808 2976 perhibent)
857 2893 918 2958 in
969 2898 1256 2978 suscepto
1308 2898 1436 2957 tam
1492 2893 1629 2956 utili
1677 2892 1891 2957 labore
1940 2897 2199 2978 pergat,
2255 2897 2316 2956 et

281 3027 562 3094 magnum
624 3012 806 3076 nobis
869 3011 1136 3077 excudat
1183 3014 1517 3078 volumen!
1569 3011 1867 3098 Magnum
1917 3017 2124 3076 autem
2174 3032 2313 3075 esse

283 3130 617 3195 necessario
673 3131 892 3216 debet,
942 3153 1087 3208 ,cum
1119 3133 1179 3195 in
1218 3133 1634 3218 quorumlibet
1666 3133 2033 3218 scriptorum
2074 3108 2313 3196 errores

280 3246 575 3334 inquirere
641 3251 935 3315 statuerit.
1035 3249 1163 3314 Vix
1230 3253 1384 3316 mihi
1432 3253 1674 3318 videtur
1724 3253 1942 3317 decem
1990 3252 2311 3326 hominum

281 3368 430 3456 vita,
513 3372 700 3436 etiam
773 3365 1175 3458 longissima,
1254 3373 1542 3440 sufficere
1612 3395 1800 3460 posse
1876 3379 2042 3438 tanto
2096 3373 2315 3460 operi:

280 3493 635 3573 praesertim
709 3493 759 3556 si
833 3493 1043 3558 modio
1097 3500 1223 3558 tam
1272 3516 1393 3559 non
1440 3514 1632 3580 parco
1673 3494 1915 3579 singula
1947 3495 2164 3560 lectori
2199 3515 2310 3559 suo

370 3658 409 3734 ¹)
495 3662 704 3720 Mense
748 3662 907 3720 Maio
953 3682 1005 3721 a.
1060 3666 1220 3722 1692
1267 3665 1456 3742 Bayle
1504 3663 1730 3725 edidit:
1801 3664 2011 3739 Projet
2035 3671 2089 3722 et
2114 3663 2313 3741 Fray-

283 3763 435 3805 mens
482 3749 628 3807 d’zm
662 3747 1044 3808 Dictionaire
1075 3749 1369 3827 Critique.
1419 3752 1476 3810 A
1505 3749 1864 3810 Rotterdam
1896 3750 2031 3808 chez
2063 3749 2315 3808 Rei-aler

284 3832 468 3892 Leers.
558 3833 650 3891 De
695 3835 807 3892 hoc
851 3834 1059 3893 libello
1105 3836 1172 3892 B.
1221 3837 1367 3912 agit.

361 3914 410 3990 2)
496 3919 704 3977 Pierre
747 3919 936 3996 Bayle
969 3922 1460 3997 (1647—1706),
1494 3921 1721 3996 GalluS,
1754 3921 1847 3978 vir
1877 3920 2312 3996 eruditisimuS,

281 4019 327 4058 a.
377 4005 535 4062 1675
596 4006 894 4081 professor
939 4007 1327 4082 eloquentiae
1373 4014 1611 4066 creatus
1656 4012 1746 4066 est
1791 4007 2032 4065 Sedani.
2078 4007 2313 4065 Acade-

279 4087 392 4146 mia
433 4089 761 4148 Sedanensi
807 4110 845 4150 a
885 4091 1054 4169 Rege
1101 4091 1609 4152 Christianissimo
1656 4092 1897 4152 sublata
1943 4093 2200 4153 contulit
2244 4112 2309 4151 se

278 4170 336 4230 in
411 4175 670 4251 patriam
735 4182 1018 4234 nostram.
1108 4178 1181 4234 In
1249 4179 1565 4238 Athenaeo
1632 4178 2131 4238 Roterodamensi
2196 4179 2314 4238 fuit

277 4260 568 4333 professor
618 4262 1038 4339 philosophiae
1082 4269 1264 4339 atque
1311 4265 1731 4340 eloquentiam,
1778 4283 1831 4322 a.
1886 4267 2045 4322 1693
2092 4283 2312 4323 munus

279 4341 579 4421 deponens
637 4347 783 4406 satis
843 4348 931 4405 illi
991 4349 1099 4408 otii
1145 4354 1277 4410 erat
1320 4351 1395 4409 ad
1441 4350 1822 4408 scribendum
1866 4349 2088 4408 librum
2132 4350 2303 4408 illum

278 4430 760 4508 celeberrimum,
830 4435 1259 4494 Dictionnaire
1312 4437 1653 4513 historique
1700 4443 1753 4494 et
1798 4437 2087 4513 critique,
2138 4453 2316 4511 quem

279 4532 328 4572 a..
377 4518 561 4596 16991-
581 4517 646 4575 in
689 4519 886 4577 lucem
929 4520 1144 4579 emisit.
1470 4514 1478 4517 ’
