2975 5209
1360 487 1444 549 75

376 680 710 767 quicquam
794 682 1050 747 haerere
1125 683 1289 768 quod
1367 684 1589 769 corrigi
1662 684 1874 769 possit.
1976 683 2068 747 Ol.
2144 683 2345 749 Eckio
2388 687 2430 769 ¹)

374 802 712 886 plurimam
747 782 802 865 'a
853 823 952 867 nie
1005 804 1289 867 salutem.
1385 800 1537 867 Vale
1590 804 1667 866 mi
1719 802 2032 889 I’crizoni,
2083 810 2142 869 et
2188 803 2429 868 Brouk-

375 920 626 983 husium
678 928 845 984 tuum
900 942 1107 985 amare
1157 944 1365 1008 pergo.

471 1040 970 1127 Amslelodami‚
1033 1044 1112 1105 27
1171 1042 1491 1128 Septemb.
1554 1046 1747 1109 1690.

1204 1233 1378 1250 ‘sss-fss'-
1383 1232 1609 1248 WNJ'J'N

1241 1368 1453 1433 LXIV
1487 1372 1555 1453 2).

1213 1536 1417 1618 Berqio
1463 1553 1569 1599 suo

1205 1647 1605 1711 Broukhusius.

478 1810 580 1873 Ad
631 1812 1086 1876 amantissimas
1140 1814 1345 1877 literas
1397 1826 1570 1898 tuas,
1626 1814 1917 1897 Trajecto
1970 1812 2047 1875 ad
2084 1833 2182 1875 me
2219 1812 2420 1895 datas,

373 1930 672 2017 respondi
714 1934 848 2016 jam
900 1934 1176 2019 pridem,
1233 1955 1344 1997 nec
1394 1943 1597 1997 lamen
1653 1955 1758 1996 eas
1808 1934 1893 1995 ita
1939 1933 2027 1994 uti
2081 1932 2261 1995 decet
2306 1939 2426 1993 tra-

375 2050 539 2115 ditas
590 2052 700 2115 tibi
751 2052 944 2117 fuisse
994 2052 1197 2117 induci
1247 2075 1501 2140 possum
1553 2063 1617 2115 ut.
1659 2054 1924 2116 credam.
2004 2050 2251 2136 Quippe
2286 2072 2423 2113 cum

373 2170 683 2235 nescirem
743 2173 802 2234 in
877 2194 998 2257 qua
1046 2148 1222 2259 parte
1272 2173 1442 2236 urbis
1496 2172 1874 2236 domicilium
1924 2171 2032 2234 tibi
2085 2170 2419 2255 elegisses,

374 2288 531 2352 nihil
583 2289 697 2352 nisi
747 2312 970 2355 nomen
1020 2292 1095 2355 iis
1148 2300 1316 2375 tuum
1367 2294 1655 2378 incripsi‚
1713 2300 1771 2356 et
1820 2292 2079 2355 fortasse
2114 2290 2422 2353 navicula-

374 2408 508 2472 rius
567 2408 724 2473 hanc
773 2412 972 2496 ipsam
1025 2412 1104 2476 ob
1159 2426 1462 2505 caussam·
1493 2414 1754 2478 noluerit
1802 2433 1868 2475 se
1918 2412 2179 2495 fatigare
2228 2410 2423 2495 inqui-

374 2527 600 2593 sitione
659 2529 1018 2594 frustranea.
1122 2532 1427 2597 Pericrint
1477 2554 1624 2597 sane
1673 2533 1856 2617 illae,
1940 2531 2087 2595 dum
2136 2538 2198 2594 tu
2245 2529 2422 2594 rivas

375 2646 566 2713 modo
643 2656 704 2713 et
743 2652 1002 2715 'valeas
1103 2652 1322 2737 Neque
1390 2674 1538 2716 vero
1611 2661 1820 2717 metuo
1869 2673 1947 2716 ne
1995 2650 2316 2714 inciderint
2362 2651 2420 2712 in

286 2805 299 2817 ι
375 2789 598 2833 manus
646 2769 998 2856 improbas:
1062 2772 1211 2835 nihil
1263 2773 1424 2835 enim
1476 2771 1902 2855 continebant,
1958 2770 2124 2856 quod
2174 2791 2292 2833 non
2346 2769 2423 2833 de

379 2889 570 2973 vulgo
624 2890 824 2974 quivis
874 2897 1087 2975 posset
1137 2892 1469 2955 resciscere
1522 2891 1755 2976 absque
1806 2899 2013 2956 nostro
2050 2890 2418 2955 discrimine.

371 3006 528 3070 Erat
579 3016 783 3071 autem
837 3018 963 3073 tum
1014 3012 1310 3096 temporis
1360 3011 1781 3074 Marscvonius
1832 3018 2041 3074 noster
2087 3032 2227 3073 rure
2277 3032 2417 3094 suc,

376 3128 473 3192 cui
526 3129 914 3213 gratissimus
965 3130 1197 3215 hospes
1251 3133 1457 3195 venire
1509 3136 1857 3217 potuisses,
1911 3132 1962 3193 si
2012 3130 2295 3231 sciuisses
2330 3136 2425 3193 sat

373 3256 634 3312 mature.
715 3248 814 3313 De
866 3270 1006 3314 meo
1059 3250 1138 3313 ad
1189 3270 1298 3315 vos
1350 3272 1613 3313 excursu
1666 3251 1813 3314 nihil
1861 3258 1951 3314 est
1987 3250 2152 3336 quod
2180 3250 2417 3334 dicam3

373 3373 582 3432 tenent
650 3389 749 3431 me
818 3368 961 3433 libri
1009 3370 1129 3434 mei
1182 3377 1242 3434 et
1293 3370 1581 3433 valetudo
1633 3371 1831 3433 minus
1882 3369 2225 3433 commoda.
2328 3368 2421 3431 'se

375 3508 526 3552 vero
604 3496 1007 3574 expectamus
1075 3511 1327 3574 omnes,
1381 3497 1442 3553 te
1494 3512 1706 3553 omnes
1759 3489 2199 3554 desideramus,
2284 3486 2421 3551 Scis

376 3607 718 3693 hospitium
768 3608 879 3672 tibi
932 3610 1096 3695 apud
1138 3631 1237 3673 mc
1275 3618 1596 3695 paratum,
1651 3630 1848 3694 neque
1882 3610 2128 3694 ignoras
2162 3607 2422 3693 hospitis

376 3725 751 3810 candorem,
834 3737 894 3792 et
967 3729 1126 3793 bene
1193 3730 1268 3793 de
1334 3737 1392 3793 te
1441 3730 1719 3794 merendi
1768 3730 2080 3815 prolixum
2129 3727 2416 3791 studium.

381 3843 544 3917 Quid
623 3845 833 3911 differs
889 3846 1004 3911 iter
1077 3856 1200 3911 tam
1270 3870 1607 3935 paucarum
1656 3849 1983 3932 horarum,
2039 3855 2098 3913 et
2144 3846 2422 3910 inducias

375 3993 782 4004 ——m—

477 4061 515 4140 ¹)
617 4067 931 4126 Cornelius
998 4088 1114 4127 van
1184 4072 1310 4128 Eok
1380 4074 1851 4147 (1662—1732)
1932 4070 2217 4148 Lugduni
2281 4069 2426 4128 iuris

391 4151 600 4210 doctor
647 4160 882 4212 creatus
930 4162 988 4213 ct
1019 4157 1162 4214 indo
1193 4158 1266 4215 ab
1302 4177 1458 4216 anno
1499 4161 1655 4215 1686
1691 4157 1999 4216 scientiam
2026 4157 2171 4214 iuris
2194 4157 2420 4233 profes-

387 4255 485 4293 sus
550 4238 611 4296 in
684 4239 1010 4298 Academia
1066 4242 1541 4318 Franequcrana
1630 4261 1680 4299 a.
1765 4247 1923 4301 1693
1997 4243 2149 4301 idem
2208 4261 2424 4300 munus
2486 4308 2493 4315 ,

387 4324 649 4400 suscepit
717 4325 995 4384 Traiecti.
1088 4328 1279 4385 Multa
1338 4347 1523 4405 opera
1567 4328 1819 4387 iuridica
1865 4338 1923 4387 et
1970 4329 2235 4387 carmina
2278 4346 2423 4387 non-

385 4408 552 4466 nulla
595 4408 813 4467 Latina
861 4411 1062 4469 edidit.

467 4492 514 4567 2)
599 4495 680 4551 In
716 4498 1102 4559 Bibliotheca
1147 4499 1554 4578 Lugdunensi.
