2975 5209
1286 489 1413 560 157

321 691 553 754 Fecisti
612 691 713 776 id,
786 690 951 776 quod
1019 711 1136 774 ego
1197 710 1234 752 a
1280 689 1563 774 pluribus
1611 689 1745 752 fieri
1791 689 2016 772 velim,
2088 694 2148 752 et
2198 687 2363 774 quod

321 809 524 874 facere
574 809 720 873 satis
771 816 864 873 est
913 809 1198 894 difficile3
1254 809 1469 884 cavisti
1518 828 1595 871 ne
1643 814 1702 872 te
1736 815 2157 870 transversum
2187 828 2367 894 rape-

319 937 416 992 ret
480 929 738 993 materia
804 929 1179 1014 laetissima,
1247 935 1429 1012 atque
1487 929 1627 1012 ipsa
1676 926 2021 1012 argumenti
2070 926 2371 1010 ubertas;

318 1060 550 1134 neque,
620 1048 768 1113 dum
832 1048 1090 1112 humum
1155 1048 1350 1132 vitas,
1405 1047 1602 1110 nubes
1654 1053 1715 1110 et
1761 1046 1969 1110 inania
2018 1046 2367 1132 captavisti.

317 1165 493 1231 Nihil
557 1189 695 1252 me,
756 1174 824 1232 ut
871 1168 1066 1252 nosti,
1117 1168 1179 1230 in
1225 1168 1343 1230 isto
1395 1165 1703 1230 scribendi
1751 1186 1980 1250 genere
2028 1165 2213 1251 pejus
2265 1164 2356 1230 of-

317 1286 550 1369 fendit,
624 1310 810 1374 quam
880 1289 1222 1374 loquacitas
1292 1308 1432 1351 cum
1502 1294 1744 1350 tumore
1815 1286 2183 1370 conjuncta:
2274 1285 2373 1348 Tu

317 1427 470 1471 vero
541 1414 869 1493 utrumque
934 1408 1196 1473 feliciter
1263 1407 1523 1471 evitasti.
1624 1407 1708 1470 Et
1774 1412 1985 1470 tamen
2053 1427 2379 1470 censuram

317 1547 527 1591 meam
600 1528 906 1613 exposcis.
1006 1527 1103 1592 En
1175 1549 1416 1592 morem
1493 1548 1683 1612 gero,
1763 1527 1963 1612 magis
2014 1526 2265 1612 quidem
2315 1531 2380 1589 ut

317 1646 658 1711 amicitiae-
699 1646 1111 1724 satisfaciam,
1189 1669 1374 1733 quam
1431 1652 1499 1710 ut
1548 1668 1687 1711 meo
1737 1647 1874 1731 ipse
1925 1647 2133 1710 auimo
2194 1646 2374 1710 obse·-

319 1787 505 1852 quar,
558 1767 705 1830 satis
755 1788 1008 1831 aversus
1043 1775 1288 1851 agente
1313 1765 1837 1831 Aristarchorum.
1893 1765 1992 1829 Tu
2015 1765 2349 1851 scripsisti:

987 1909 1157 1951 nunc
1207 1909 1366 1972 aqor
1417 1887 1506 1950 acl
1562 1885 1725 1972 Tayi

807 2007 1080 2072 Vmbras
1127 2009 1399 2072 virentes
1443 2006 1858 2090 ylareamque
1887 2026 1908 2066 .·

912 2126 1101 2191 Nune
1151 2127 1238 2190 ael
1288 2147 1497 2210 aquas
1546 2125 1735 2189 celeri
1782 2123 1977 2188 Iberi.

321 2237 470 2324 Ego
519 2238 608 2302 sic
657 2239 1047 2324 cogitabam:

966 2347 1154 2414 Nunc
1205 2369 1362 2434 ayor
1414 2348 1502 2412 acl
1558 2348 1721 2439 Tayi

833 2460 1103 2525 Vmbras
1152 2461 1426 2545 odorae,
1475 2461 1889 2545 ylareamque

943 2571 1366 2657 Auriferam,
1420 2571 1799 2655 celeremque
1846 2569 2129 2634 Iberum.

321 2691 599 2777 Deinde,
674 2692 756 2756 In
829 2691 1100 2773 erduic,
1175 2697 1246 2754 ut
1319 2711 1560 2754 aurum
1629 2692 1699 2754 in
1766 2691 1948 2774 ique:
1994 2709 2116 2752 non
2164 2687 2372 2774 placet

323 2812 585 2874 creticus
633 2811 693 2874 in
743 2810 890 2876 sede
939 2810 1228 2874 secunda.
1327 2808 1640 2895 Equidem
1699 2808 1869 2874 haud
1917 2809 2125 2873 nescio
2165 2807 2371 2895 ipsum

321 2929 666 3016 Alcaeum,
742 2929 929 3014 hujus
1003 2929 1288 2994 carminis
1362 2930 1784 3014 inventorem,-
1838 2929 2016 2994 aliter
2064 2928 2368 3014 sensisse,

324 3056 388 3114 et
430 3051 842 3114 recentiorum
906 3050 1204 3135 plurimos
1254 3048 1422 3113 idem
1473 3049 1592 3112 sibi
1638 3048 1990 3112 indulsisse.
2092 3046 2222 3112 Sed
2271 3068 2373 3112 me

323 3175 536 3233 movet
603 3168 854 3233 Horatii
928 3169 1306 3254 auctoritas,
1383 3191 1459 3234 ne
1526 3169 1718 3233 semel
1769 3168 2021 3254 quidem
2069 3166 2191 3230 hoc
2242 3166 2377 3231 ausi

322 3287 386 3351 in
434 3293 602 3352 tanto
653 3309 908 3353 numero
961 3289 1240 3353 odarum.
1339 3287 1425 3352 Et
1473 3295 1680 3353 tamen
1724 3289 1833 3352 ille
1884 3287 2025 3373 quin
2066 3284 2374 3350 Alcaeum

323 3407 628 3472 notiorem
698 3407 984 3474 habuerit
1055 3429 1128 3471 ac
1198 3406 1714 3494 perspectiorem,
1792 3427 1977 3491 quam
2058 3425 2173 3470 nos
2251 3403 2375 3468 seri

323 3532 580 3612 nepotes
604 3576 624 3609 ,
691 3525 958 3590 dubitari
1006 3528 1251 3591 omnino
1300 3527 1528 3612 nequit.
1631 3525 1795 3598 Quid
1842 3525 2085 3610 igitur?
2134 3522 2368 3589 Emen-

321 3645 492 3710 davit
563 3645 788 3710 Cretici
856 3645 1244 3711 debilitatem
1291 3649 1467 3714 firmo
1520 3668 1593 3710 ac
1645 3645 1853 3712 stabili
1900 3644 2198 3709 Moloss0.
2298 3641 2375 3707 Id

321 3771 385 3829 et
454 3786 567 3829 nos
640 3786 969 3851 sequamur
1033 3773 1320 3853 oportet:
1390 3767 1673 3831 videmus
1727 3765 1886 3830 enim
1938 3770 2181 3829 secutos
2234 3784 2371 3828 esse

319 3904 536 3948 omnes
585 3885 884 3970 antiquos
937 3922 1028 3933 —
1077 3883 1370 3970 Sequitur
1419 3885 1633 3971 paullo
1684 3891 1862 3970 post:

607 3999 616 4004 ’
761 4002 1000 4090 Vbique
1051 4011 1250 4088 specto
1301 4012 1479 4090 terqa
1498 4005 1713 4090 fuyae
1765 4004 1920 4068 clari

901 4125 961 4188 A
997 4125 1370 4208 foederatis
1410 4123 1796 4207 perduelles,

313 4241 449 4305 Aut
518 4249 584 4306 tu
654 4242 756 4306 hic
827 4244 1060 4329 aliquid
1138 4243 1431 4329 omisisti,
1485 4249 1592 4306 aut
1641 4263 1760 4326 ego
1811 4263 1945 4306 rem
1993 4261 2114 4304 non
2164 4241 2366 4327 capi'o.

313 4361 562 4428 Deinde
637 4363 1126 4448 foederatorum
1201 4385 1418 4428 vocem
1491 4364 1643 4428 scito
1718 4364 1869 4426 olim
1938 4363 1999 4426 in
2072 4361 2337 4426 Francio

315 4481 540 4546 acriter
609 4482 799 4547 fuisse
847 4483 1292 4569 reprehensam
1347 4505 1384 4546 a
1433 4503 1688 4548 censore
1737 4482 2033 4548 Leidensi
2068 4482 2130 4566 ¹).
2230 4479 2372 4566 Ego

409 4620 453 4694 ι)
538 4619 924 4679 Perizonium
965 4619 1132 4682 dicit.
