<?xml version="1.0" encoding="UTF-8"?>
<!DOCTYPE html PUBLIC "-//W3C//DTD XHTML 1.0 Transitional//EN"
    "http://www.w3.org/TR/xhtml1/DTD/xhtml1-transitional.dtd">
<html xmlns="http://www.w3.org/1999/xhtml" xml:lang="en" lang="en">
 <head>
  <title>
</title>
<meta http-equiv="Content-Type" content="text/html;charset=utf-8" />
  <meta name='ocr-system' content='tesseract 3.04.00' />
  <meta name='ocr-capabilities' content='ocr_page ocr_carea ocr_par ocr_line ocrx_word'/>
</head>
<body>
  <div class='ocr_page' id='page_1' title='image "./epistolaeselect00worpgoog_0139.png"; bbox 0 0 2975 5209; ppageno 0'>
   <div class='ocr_carea' id='block_1_1' title="bbox 1395 495 1526 558">
    <p class='ocr_par' dir='ltr' id='par_1_1' title="bbox 1395 495 1526 558">
     <span class='ocr_line' id='line_1_1' title="bbox 1395 495 1526 558; baseline -0.015 0"><span class='ocrx_word' id='word_1_1' title='bbox 1395 495 1526 558; x_wconf 84' lang='lat'><strong>125</strong></span> 
     </span>
    </p>
   </div>
   <div class='ocr_carea' id='block_1_2' title="bbox 413 689 2487 1137">
    <p class='ocr_par' dir='ltr' id='par_1_2' title="bbox 413 689 2487 1137">
     <span class='ocr_line' id='line_1_2' title="bbox 413 689 2484 778; baseline 0 -22"><span class='ocrx_word' id='word_1_2' title='bbox 413 699 667 776; x_wconf 76' lang='lat' dir='ltr'><strong>torem,</strong></span> <span class='ocrx_word' id='word_1_3' title='bbox 722 692 1096 777; x_wconf 86' lang='lat' dir='ltr'><strong>scripturum</strong></span> <span class='ocrx_word' id='word_1_4' title='bbox 1146 690 1240 755; x_wconf 87' lang='lat' dir='ltr'><strong>Te</strong></span> <span class='ocrx_word' id='word_1_5' title='bbox 1290 711 1465 772; x_wconf 90' lang='lat' dir='ltr'><strong>esse,</strong></span> <span class='ocrx_word' id='word_1_6' title='bbox 1520 700 1581 753; x_wconf 86' lang='lat' dir='ltr'><strong>et</strong></span> <span class='ocrx_word' id='word_1_7' title='bbox 1614 689 1776 752; x_wconf 90' lang='lat' dir='ltr'><strong>hunc</strong></span> <span class='ocrx_word' id='word_1_8' title='bbox 1809 690 2153 773; x_wconf 85' lang='lat' dir='ltr'><strong>gravissimi</strong></span> <span class='ocrx_word' id='word_1_9' title='bbox 2194 693 2484 778; x_wconf 89' lang='lat' dir='ltr'><strong>ponderis</strong></span> 
     </span>
     <span class='ocr_line' id='line_1_3' title="bbox 419 807 2487 895; baseline 0 -20"><span class='ocrx_word' id='word_1_10' title='bbox 419 811 746 876; x_wconf 85' lang='lat' dir='ltr'><strong>cumulum</strong></span> <span class='ocrx_word' id='word_1_11' title='bbox 809 831 988 875; x_wconf 90' lang='lat' dir='ltr'><strong>meae</strong></span> <span class='ocrx_word' id='word_1_12' title='bbox 1051 808 1412 873; x_wconf 87' lang='lat' dir='ltr'><strong>Defensioni</strong></span> <span class='ocrx_word' id='word_1_13' title='bbox 1474 809 1735 871; x_wconf 89' lang='lat' dir='ltr'><strong>nominis</strong></span> <span class='ocrx_word' id='word_1_14' title='bbox 1805 807 2158 874; x_wconf 82' lang='lat' dir='ltr'><strong>Germanici</strong></span> <span class='ocrx_word' id='word_1_15' title='bbox 2208 811 2487 895; x_wconf 88' lang='lat' dir='ltr'><strong>adjectu-</strong></span> 
     </span>
     <span class='ocr_line' id='line_1_4' title="bbox 418 927 2483 1017; baseline 0 -23"><span class='ocrx_word' id='word_1_16' title='bbox 418 952 570 995; x_wconf 87' lang='lat' dir='ltr'><strong>rum</strong></span> <span class='ocrx_word' id='word_1_17' title='bbox 637 930 872 995; x_wconf 90' lang='lat' dir='ltr'><strong>dudum</strong></span> <span class='ocrx_word' id='word_1_18' title='bbox 930 929 1081 992; x_wconf 89' lang='lat' dir='ltr'><strong>mihi</strong></span> <span class='ocrx_word' id='word_1_19' title='bbox 1141 929 1540 1014; x_wconf 80' lang='lat' dir='ltr'>promiseras.</span> <span class='ocrx_word' id='word_1_20' title='bbox 1638 927 1779 1012; x_wconf 85' lang='lat' dir='ltr'><strong>Ego</strong></span> <span class='ocrx_word' id='word_1_21' title='bbox 1830 929 1981 991; x_wconf 91' lang='lat' dir='ltr'><strong>nihil</strong></span> <span class='ocrx_word' id='word_1_22' title='bbox 2028 931 2153 994; x_wconf 88' lang='lat' dir='ltr'><strong>tale</strong></span> <span class='ocrx_word' id='word_1_23' title='bbox 2205 930 2483 1017; x_wconf 87' lang='lat' dir='ltr'><strong>accepi.&#39;’</strong></span> 
     </span>
     <span class='ocr_line' id='line_1_5' title="bbox 419 1047 2480 1137; baseline 0 -23"><span class='ocrx_word' id='word_1_24' title='bbox 419 1049 606 1114; x_wconf 83' lang='lat' dir='ltr'><strong>Mitte</strong></span> <span class='ocrx_word' id='word_1_25' title='bbox 652 1050 840 1134; x_wconf 86' lang='lat' dir='ltr'><strong>igitur</strong></span> <span class='ocrx_word' id='word_1_26' title='bbox 887 1069 1172 1133; x_wconf 86' lang='lat' dir='ltr'><strong>carmen,</strong></span> <span class='ocrx_word' id='word_1_27' title='bbox 1225 1068 1367 1111; x_wconf 88' lang='lat' dir='ltr'><strong>nam</strong></span> <span class='ocrx_word' id='word_1_28' title='bbox 1411 1047 1606 1137; x_wconf 85' lang='lat' dir='ltr'><strong>oratio</strong></span> <span class='ocrx_word' id='word_1_29' title='bbox 1656 1047 1781 1110; x_wconf 84' lang='lat' dir='ltr'><strong>iam</strong></span> <span class='ocrx_word' id='word_1_30' title='bbox 1830 1047 2007 1132; x_wconf 90' lang='lat' dir='ltr'><strong>prelo</strong></span> <span class='ocrx_word' id='word_1_31' title='bbox 2043 1054 2137 1113; x_wconf 74' lang='lat' dir='ltr'><strong>est</strong></span> <span class='ocrx_word' id='word_1_32' title='bbox 2169 1049 2480 1116; x_wconf 87' lang='lat' dir='ltr'><strong>subiecta.</strong></span> 
     </span>
    </p>
   </div>
   <div class='ocr_carea' id='block_1_3' title="bbox 527 1163 2289 1253">
    <p class='ocr_par' dir='ltr' id='par_1_3' title="bbox 527 1163 2289 1253">
     <span class='ocr_line' id='line_1_6' title="bbox 527 1163 2289 1253; baseline 0.001 -21"><span class='ocrx_word' id='word_1_33' title='bbox 527 1168 806 1253; x_wconf 82' lang='lat' dir='ltr'><strong>Trajecti</strong></span> <span class='ocrx_word' id='word_1_34' title='bbox 850 1168 1070 1232; x_wconf 83' lang='lat' dir='ltr'><strong>Batav.</strong></span> <span class='ocrx_word' id='word_1_35' title='bbox 1124 1189 1178 1231; x_wconf 89' lang='lat' dir='ltr'><strong>a.</strong></span> <span class='ocrx_word' id='word_1_36' title='bbox 1233 1167 1290 1230; x_wconf 90' lang='lat' dir='ltr'><strong>d.</strong></span> <span class='ocrx_word' id='word_1_37' title='bbox 1343 1165 1403 1229; x_wconf 88' lang='lat' dir='ltr'><strong>V</strong></span> <span class='ocrx_word' id='word_1_38' title='bbox 1451 1164 1719 1250; x_wconf 83' lang='lat' dir='ltr'>Augusti</span> <span class='ocrx_word' id='word_1_39' title='bbox 1780 1163 2289 1234; x_wconf 82' lang='lat' dir='ltr'>OIOIOOXOIV.</span> 
     </span>
    </p>
   </div>
   <div class='ocr_carea' id='block_1_4' title="bbox 1263 1338 1299 1355">
    <p class='ocr_par' dir='ltr' id='par_1_4' title="bbox 1263 1338 1299 1355">
     <span class='ocr_line' id='line_1_7' title="bbox 1263 1338 1299 1355; baseline 0 0"><span class='ocrx_word' id='word_1_40' title='bbox 1263 1338 1299 1355; x_wconf 67' lang='grc' dir='ltr'><strong>’.Γ</strong></span> 
     </span>
    </p>
   </div>
   <div class='ocr_carea' id='block_1_5' title="bbox 1299 1339 1673 1354">
    <p class='ocr_par' dir='ltr' id='par_1_5' title="bbox 1299 1339 1673 1354">
     <span class='ocr_line' id='line_1_8' title="bbox 1299 1339 1673 1354; baseline 0 3855"><span class='ocrx_word' id='word_1_41' title='bbox 1299 1339 1673 1354; x_wconf 95' lang='lat' dir='ltr'><strong> </strong></span> 
     </span>
    </p>
   </div>
   <div class='ocr_carea' id='block_1_6' title="bbox 1405 1440 1507 1506">
    <p class='ocr_par' dir='ltr' id='par_1_6' title="bbox 1405 1440 1507 1506">
     <span class='ocr_line' id='line_1_9' title="bbox 1405 1440 1507 1506; baseline 0.01 -1"><span class='ocrx_word' id='word_1_42' title='bbox 1405 1440 1507 1506; x_wconf 84' lang='lat' dir='ltr'><strong>CI.</strong></span> 
     </span>
    </p>
   </div>
   <div class='ocr_carea' id='block_1_7' title="bbox 1066 1572 1841 1749">
    <p class='ocr_par' dir='ltr' id='par_1_7' title="bbox 1066 1572 1841 1749">
     <span class='ocr_line' id='line_1_10' title="bbox 1066 1572 1841 1656; baseline 0.001 -20"><span class='ocrx_word' id='word_1_43' title='bbox 1066 1573 1255 1637; x_wconf 84' lang='lat' dir='ltr'><strong>loanni</strong></span> <span class='ocrx_word' id='word_1_44' title='bbox 1301 1572 1548 1656; x_wconf 63' lang='lat' dir='ltr'><strong>Georgia</strong></span> <span class='ocrx_word' id='word_1_45' title='bbox 1594 1573 1841 1638; x_wconf 74' lang='lat' dir='ltr'><strong>Graevio</strong></span> 
     </span>
     <span class='ocr_line' id='line_1_11' title="bbox 1147 1684 1766 1749; baseline -0.002 0"><span class='ocrx_word' id='word_1_46' title='bbox 1147 1684 1315 1749; x_wconf 81' lang='lat' dir='ltr'><strong>lanus</strong></span> <span class='ocrx_word' id='word_1_47' title='bbox 1360 1684 1766 1749; x_wconf 75' lang='lat' dir='ltr'><strong>Broukhusius.</strong></span> 
     </span>
    </p>
   </div>
   <div class='ocr_carea' id='block_1_8' title="bbox 430 1823 2499 4415">
    <p class='ocr_par' dir='ltr' id='par_1_8' title="bbox 430 1823 2499 4415">
     <span class='ocr_line' id='line_1_12' title="bbox 430 1823 2481 1910; baseline 0 -23"><span class='ocrx_word' id='word_1_48' title='bbox 430 1823 602 1908; x_wconf 85' lang='lat' dir='ltr'><strong>Misi,</strong></span> <span class='ocrx_word' id='word_1_49' title='bbox 653 1824 769 1889; x_wconf 88' lang='lat' dir='ltr'><strong>Vir</strong></span> <span class='ocrx_word' id='word_1_50' title='bbox 807 1823 1203 1910; x_wconf 83' lang='lat' dir='ltr'><strong>Clarissime,</strong></span> <span class='ocrx_word' id='word_1_51' title='bbox 1257 1846 1310 1888; x_wconf 88' lang='lat' dir='ltr'><strong>a.</strong></span> <span class='ocrx_word' id='word_1_52' title='bbox 1364 1823 1421 1887; x_wconf 93' lang='lat' dir='ltr'><strong>d.</strong></span> <span class='ocrx_word' id='word_1_53' title='bbox 1481 1827 1563 1889; x_wconf 86' lang='lat'><strong>15</strong></span> <span class='ocrx_word' id='word_1_54' title='bbox 1609 1825 1797 1910; x_wconf 90' lang='lat' dir='ltr'><strong>hujus</strong></span> <span class='ocrx_word' id='word_1_55' title='bbox 1835 1826 2063 1890; x_wconf 83' lang='lat' dir='ltr'><strong>mensis</strong></span> <span class='ocrx_word' id='word_1_56' title='bbox 2097 1825 2481 1910; x_wconf 86' lang='lat' dir='ltr'><strong>Trajectum,</strong></span> 
     </span>
     <span class='ocr_line' id='line_1_13' title="bbox 433 1943 2495 2028; baseline -0 -20"><span class='ocrx_word' id='word_1_57' title='bbox 433 1953 501 2008; x_wconf 84' lang='lat' dir='ltr'><strong>ut</strong></span> <span class='ocrx_word' id='word_1_58' title='bbox 574 1943 869 2009; x_wconf 84' lang='lat' dir='ltr'><strong>Cramero</strong></span> <span class='ocrx_word' id='word_1_59' title='bbox 944 1953 1156 2009; x_wconf 86' lang='lat' dir='ltr'><strong>nostro</strong></span> <span class='ocrx_word' id='word_1_60' title='bbox 1229 1944 1628 2028; x_wconf 81' lang='lat' dir='ltr'><strong>redderetur,</strong></span> <span class='ocrx_word' id='word_1_61' title='bbox 1705 1944 2053 2008; x_wconf 82' lang='lat' dir='ltr'><strong>chartarum</strong></span> <span class='ocrx_word' id='word_1_62' title='bbox 2102 1943 2495 2028; x_wconf 87' lang='lat' dir='ltr'><strong>fasciculum,-</strong></span> 
     </span>
     <span class='ocr_line' id='line_1_14' title="bbox 433 2061 2486 2150; baseline -0 -24"><span class='ocrx_word' id='word_1_63' title='bbox 433 2063 496 2127; x_wconf 92' lang='lat' dir='ltr'><strong>in</strong></span> <span class='ocrx_word' id='word_1_64' title='bbox 548 2085 670 2150; x_wconf 93' lang='lat' dir='ltr'><strong>quo</strong></span> <span class='ocrx_word' id='word_1_65' title='bbox 724 2070 897 2128; x_wconf 82' lang='lat' dir='ltr'><strong>erant</strong></span> <span class='ocrx_word' id='word_1_66' title='bbox 931 2063 1090 2128; x_wconf 83' lang='lat' dir='ltr'><strong>duae</strong></span> <span class='ocrx_word' id='word_1_67' title='bbox 1125 2064 1427 2150; x_wconf 87' lang='lat' dir='ltr'><strong>epistolae</strong></span> <span class='ocrx_word' id='word_1_68' title='bbox 1477 2063 1559 2128; x_wconf 92' lang='lat' dir='ltr'><strong>ad</strong></span> <span class='ocrx_word' id='word_1_69' title='bbox 1594 2062 2066 2128; x_wconf 84' lang='lat' dir='ltr'><strong>Serenissimum</strong></span> <span class='ocrx_word' id='word_1_70' title='bbox 2100 2061 2486 2147; x_wconf 86' lang='lat' dir='ltr'><strong>Electorem,</strong></span> 
     </span>
     <span class='ocr_line' id='line_1_15' title="bbox 438 2181 2486 2266; baseline -0.001 -19"><span class='ocrx_word' id='word_1_71' title='bbox 438 2184 561 2247; x_wconf 91' lang='lat' dir='ltr'><strong>duo</strong></span> <span class='ocrx_word' id='word_1_72' title='bbox 639 2184 912 2250; x_wconf 88' lang='lat' dir='ltr'><strong>carmina</strong></span> <span class='ocrx_word' id='word_1_73' title='bbox 989 2182 1070 2246; x_wconf 93' lang='lat' dir='ltr'><strong>ad</strong></span> <span class='ocrx_word' id='word_1_74' title='bbox 1140 2183 1633 2246; x_wconf 78' lang='lat' dir='ltr'><strong>Illustrissimum</strong></span> <span class='ocrx_word' id='word_1_75' title='bbox 1707 2181 2289 2266; x_wconf 84' lang='lat' dir='ltr'><strong>Dankelmannum,</strong></span> <span class='ocrx_word' id='word_1_76' title='bbox 2367 2181 2486 2246; x_wconf 90' lang='lat' dir='ltr'><strong>duo</strong></span> 
     </span>
     <span class='ocr_line' id='line_1_16' title="bbox 434 2300 2490 2386; baseline -0 -20"><span class='ocrx_word' id='word_1_77' title='bbox 434 2303 584 2367; x_wconf 78' lang='lat' dir='ltr'><strong>item</strong></span> <span class='ocrx_word' id='word_1_78' title='bbox 653 2303 824 2366; x_wconf 89' lang='lat' dir='ltr'><strong>lusus</strong></span> <span class='ocrx_word' id='word_1_79' title='bbox 888 2301 1190 2367; x_wconf 78' lang='lat' dir='ltr'><strong>adversus</strong></span> <span class='ocrx_word' id='word_1_80' title='bbox 1235 2301 1548 2367; x_wconf 69' lang='lat' dir='ltr'><strong>desuitam</strong></span> <span class='ocrx_word' id='word_1_81' title='bbox 1596 2301 1977 2365; x_wconf 88' lang='lat' dir='ltr'><strong>Buhursium</strong></span> <span class='ocrx_word' id='word_1_82' title='bbox 2023 2322 2140 2386; x_wconf 89' lang='lat' dir='ltr'><strong>pro</strong></span> <span class='ocrx_word' id='word_1_83' title='bbox 2189 2300 2490 2365; x_wconf 90' lang='lat' dir='ltr'><strong>Vindiciis</strong></span> 
     </span>
     <span class='ocr_line' id='line_1_17' title="bbox 439 2419 2491 2508; baseline -0.001 -22"><span class='ocrx_word' id='word_1_84' title='bbox 439 2421 720 2487; x_wconf 84' lang='lat' dir='ltr'><strong>Crameri</strong></span> <span class='ocrx_word' id='word_1_85' title='bbox 795 2430 893 2486; x_wconf 86' lang='lat' dir='ltr'><strong>etc</strong></span> <span class='ocrx_word' id='word_1_86' title='bbox 933 2423 995 2507; x_wconf 91' lang='lat'><strong>¹).</strong></span> <span class='ocrx_word' id='word_1_87' title='bbox 1074 2421 1283 2485; x_wconf 88' lang='lat' dir='ltr'><strong>Biduo</strong></span> <span class='ocrx_word' id='word_1_88' title='bbox 1354 2427 1498 2508; x_wconf 82' lang='lat' dir='ltr'><strong>post</strong></span> <span class='ocrx_word' id='word_1_89' title='bbox 1568 2419 1845 2485; x_wconf 83' lang='lat' dir='ltr'><strong>redditur</strong></span> <span class='ocrx_word' id='word_1_90' title='bbox 1907 2419 2060 2484; x_wconf 90' lang='lat' dir='ltr'><strong>mihi</strong></span> <span class='ocrx_word' id='word_1_91' title='bbox 2108 2442 2147 2485; x_wconf 89' lang='lat' dir='ltr'><strong>a</strong></span> <span class='ocrx_word' id='word_1_92' title='bbox 2195 2419 2491 2484; x_wconf 84' lang='lat' dir='ltr'><strong>Cramero</strong></span> 
     </span>
     <span class='ocr_line' id='line_1_18' title="bbox 438 2540 2484 2628; baseline -0.001 -22"><span class='ocrx_word' id='word_1_93' title='bbox 438 2541 742 2628; x_wconf 86' lang='lat' dir='ltr'><strong>epistola,</strong></span> <span class='ocrx_word' id='word_1_94' title='bbox 819 2563 940 2628; x_wconf 92' lang='lat' dir='ltr'><strong>qua</strong></span> <span class='ocrx_word' id='word_1_95' title='bbox 988 2542 1292 2626; x_wconf 83' lang='lat' dir='ltr'><strong>significat</strong></span> <span class='ocrx_word' id='word_1_96' title='bbox 1339 2540 1489 2603; x_wconf 91' lang='lat' dir='ltr'><strong>nihil</strong></span> <span class='ocrx_word' id='word_1_97' title='bbox 1539 2561 1605 2604; x_wconf 88' lang='lat' dir='ltr'><strong>se</strong></span> <span class='ocrx_word' id='word_1_98' title='bbox 1656 2561 1875 2605; x_wconf 89' lang='lat' dir='ltr'><strong>eorum</strong></span> <span class='ocrx_word' id='word_1_99' title='bbox 1924 2541 2277 2627; x_wconf 89' lang='lat' dir='ltr'><strong>accepisse,</strong></span> <span class='ocrx_word' id='word_1_100' title='bbox 2332 2562 2484 2626; x_wconf 93' lang='lat' dir='ltr'><strong>quo-</strong></span> 
     </span>
     <span class='ocr_line' id='line_1_19' title="bbox 437 2659 2495 2747; baseline -0.001 -23"><span class='ocrx_word' id='word_1_101' title='bbox 437 2681 573 2724; x_wconf 89' lang='lat' dir='ltr'><strong>rum</strong></span> <span class='ocrx_word' id='word_1_102' title='bbox 646 2681 766 2746; x_wconf 88' lang='lat' dir='ltr'><strong>ego</strong></span> <span class='ocrx_word' id='word_1_103' title='bbox 841 2667 903 2725; x_wconf 84' lang='lat' dir='ltr'><strong>et</strong></span> <span class='ocrx_word' id='word_1_104' title='bbox 971 2660 1273 2724; x_wconf 83' lang='lat' dir='ltr'><strong>Francius</strong></span> <span class='ocrx_word' id='word_1_105' title='bbox 1349 2667 1562 2724; x_wconf 87' lang='lat' dir='ltr'><strong>noster</strong></span> <span class='ocrx_word' id='word_1_106' title='bbox 1635 2681 1815 2747; x_wconf 88' lang='lat' dir='ltr'><strong>spem</strong></span> <span class='ocrx_word' id='word_1_107' title='bbox 1874 2659 2264 2724; x_wconf 79' lang='lat' dir='ltr'><strong>feceramus:</strong></span> <span class='ocrx_word' id='word_1_108' title='bbox 2319 2661 2495 2745; x_wconf 83' lang='lat' dir='ltr'><strong>(puta</strong></span> 
     </span>
     <span class='ocr_line' id='line_1_20' title="bbox 436 2777 2487 2866; baseline 0 -24"><span class='ocrx_word' id='word_1_109' title='bbox 436 2778 593 2843; x_wconf 91' lang='lat' dir='ltr'><strong>haec</strong></span> <span class='ocrx_word' id='word_1_110' title='bbox 641 2779 816 2865; x_wconf 90' lang='lat' dir='ltr'><strong>ipsa,</strong></span> <span class='ocrx_word' id='word_1_111' title='bbox 870 2800 1029 2866; x_wconf 91' lang='lat' dir='ltr'><strong>quae</strong></span> <span class='ocrx_word' id='word_1_112' title='bbox 1077 2777 1262 2843; x_wconf 91' lang='lat' dir='ltr'><strong>modo</strong></span> <span class='ocrx_word' id='word_1_113' title='bbox 1299 2780 1817 2864; x_wconf 84' lang='lat' dir='ltr'><strong>commemoravi)</strong></span> <span class='ocrx_word' id='word_1_114' title='bbox 1854 2787 1985 2844; x_wconf 88' lang='lat' dir='ltr'><strong>erat</strong></span> <span class='ocrx_word' id='word_1_115' title='bbox 2020 2788 2231 2846; x_wconf 85' lang='lat' dir='ltr'><strong>autom</strong></span> <span class='ocrx_word' id='word_1_116' title='bbox 2255 2779 2487 2864; x_wconf 85' lang='lat' dir='ltr'><strong>scripta</strong></span> 
     </span>
     <span class='ocr_line' id='line_1_21' title="bbox 438 2897 2497 2987; baseline 0 -24"><span class='ocrx_word' id='word_1_117' title='bbox 438 2897 668 2963; x_wconf 88' lang='lat' dir='ltr'><strong>eodum</strong></span> <span class='ocrx_word' id='word_1_118' title='bbox 742 2919 863 2985; x_wconf 89' lang='lat' dir='ltr'><strong>quo</strong></span> <span class='ocrx_word' id='word_1_119' title='bbox 937 2920 1077 2962; x_wconf 89' lang='lat' dir='ltr'><strong>mea</strong></span> <span class='ocrx_word' id='word_1_120' title='bbox 1144 2899 1283 2984; x_wconf 88' lang='lat' dir='ltr'><strong>die,</strong></span> <span class='ocrx_word' id='word_1_121' title='bbox 1356 2899 1444 2962; x_wconf 81' lang='lat' dir='ltr'><strong>ita</strong></span> <span class='ocrx_word' id='word_1_122' title='bbox 1515 2905 1583 2963; x_wconf 79' lang='lat' dir='ltr'><strong>ut</strong></span> <span class='ocrx_word' id='word_1_123' title='bbox 1656 2905 1787 2964; x_wconf 87' lang='lat' dir='ltr'><strong>tum</strong></span> <span class='ocrx_word' id='word_1_124' title='bbox 1839 2899 2090 2987; x_wconf 90' lang='lat' dir='ltr'><strong>quidem</strong></span> <span class='ocrx_word' id='word_1_125' title='bbox 2139 2921 2260 2963; x_wconf 94' lang='lat' dir='ltr'><strong>non</strong></span> <span class='ocrx_word' id='word_1_126' title='bbox 2309 2899 2497 2964; x_wconf 85' lang='lat' dir='ltr'><strong>valde</strong></span> 
     </span>
     <span class='ocr_line' id='line_1_22' title="bbox 438 3016 2495 3105; baseline 0 -24"><span class='ocrx_word' id='word_1_127' title='bbox 438 3018 892 3082; x_wconf 84' lang='lat' dir='ltr'><strong>laboraveram.</strong></span> <span class='ocrx_word' id='word_1_128' title='bbox 993 3016 1233 3081; x_wconf 84' lang='lat' dir='ltr'><strong>Tamen</strong></span> <span class='ocrx_word' id='word_1_129' title='bbox 1297 3027 1364 3081; x_wconf 83' lang='lat' dir='ltr'><strong>ut</strong></span> <span class='ocrx_word' id='word_1_130' title='bbox 1434 3017 1631 3082; x_wconf 89' lang='lat' dir='ltr'><strong>forem</strong></span> <span class='ocrx_word' id='word_1_131' title='bbox 1706 3025 1946 3102; x_wconf 76' lang='lat' dir='ltr'><strong>certUS,</strong></span> <span class='ocrx_word' id='word_1_132' title='bbox 2019 3040 2179 3105; x_wconf 88' lang='lat' dir='ltr'><strong>quae</strong></span> <span class='ocrx_word' id='word_1_133' title='bbox 2250 3019 2495 3083; x_wconf 83' lang='lat' dir='ltr'><strong>fortuna</strong></span> 
     </span>
     <span class='ocr_line' id='line_1_23' title="bbox 439 3134 2490 3223; baseline 0.001 -23"><span class='ocrx_word' id='word_1_134' title='bbox 439 3136 794 3221; x_wconf 79' lang='lat' dir='ltr'><strong>excepisset</strong></span> <span class='ocrx_word' id='word_1_135' title='bbox 857 3134 1221 3200; x_wconf 86' lang='lat' dir='ltr'><strong>fasciculum</strong></span> <span class='ocrx_word' id='word_1_136' title='bbox 1268 3136 1453 3200; x_wconf 89' lang='lat' dir='ltr'><strong>istum</strong></span> <span class='ocrx_word' id='word_1_137' title='bbox 1503 3158 1754 3222; x_wconf 88' lang='lat' dir='ltr'><strong>meum,</strong></span> <span class='ocrx_word' id='word_1_138' title='bbox 1815 3137 2109 3223; x_wconf 84' lang='lat' dir='ltr'><strong>respondi</strong></span> <span class='ocrx_word' id='word_1_139' title='bbox 2160 3137 2490 3222; x_wconf 82' lang='lat' dir='ltr'><strong>CramerO,</strong></span> 
     </span>
     <span class='ocr_line' id='line_1_24' title="bbox 440 3254 2487 3342; baseline 0.001 -24"><span class='ocrx_word' id='word_1_140' title='bbox 440 3260 504 3318; x_wconf 84' lang='lat' dir='ltr'><strong>et</strong></span> <span class='ocrx_word' id='word_1_141' title='bbox 570 3254 900 3340; x_wconf 78' lang='lat' dir='ltr'><strong>diligenter</strong></span> <span class='ocrx_word' id='word_1_142' title='bbox 971 3257 1178 3320; x_wconf 83' lang='lat' dir='ltr'><strong>notavi</strong></span> <span class='ocrx_word' id='word_1_143' title='bbox 1249 3255 1496 3341; x_wconf 86' lang='lat' dir='ltr'><strong>singula.</strong></span> <span class='ocrx_word' id='word_1_144' title='bbox 1565 3278 1724 3342; x_wconf 88' lang='lat' dir='ltr'><strong>quae</strong></span> <span class='ocrx_word' id='word_1_145' title='bbox 1777 3257 1856 3320; x_wconf 89' lang='lat' dir='ltr'><strong>ad</strong></span> <span class='ocrx_word' id='word_1_146' title='bbox 1904 3257 2111 3342; x_wconf 89' lang='lat' dir='ltr'><strong>ipsum</strong></span> <span class='ocrx_word' id='word_1_147' title='bbox 2160 3257 2487 3340; x_wconf 86' lang='lat' dir='ltr'><strong>miseram,</strong></span> 
     </span>
     <span class='ocr_line' id='line_1_25' title="bbox 440 3373 2499 3461; baseline 0.001 -23"><span class='ocrx_word' id='word_1_148' title='bbox 440 3394 579 3438; x_wconf 89' lang='lat' dir='ltr'><strong>cum</strong></span> <span class='ocrx_word' id='word_1_149' title='bbox 661 3373 876 3438; x_wconf 87' lang='lat' dir='ltr'><strong>amicis</strong></span> <span class='ocrx_word' id='word_1_150' title='bbox 943 3374 1236 3460; x_wconf 89' lang='lat' dir='ltr'><strong>precibus</strong></span> <span class='ocrx_word' id='word_1_151' title='bbox 1309 3382 1376 3439; x_wconf 88' lang='lat' dir='ltr'><strong>ut</strong></span> <span class='ocrx_word' id='word_1_152' title='bbox 1452 3383 1783 3461; x_wconf 89' lang='lat' dir='ltr'><strong>utrumque</strong></span> <span class='ocrx_word' id='word_1_153' title='bbox 1857 3377 2132 3439; x_wconf 73' lang='lat' dir='ltr'><strong>nostrum</strong></span> <span class='ocrx_word' id='word_1_154' title='bbox 2206 3375 2499 3440; x_wconf 84' lang='lat' dir='ltr'><strong>liberaret</strong></span> 
     </span>
     <span class='ocr_line' id='line_1_26' title="bbox 434 3491 2495 3581; baseline 0.002 -26"><span class='ocrx_word' id='word_1_155' title='bbox 434 3499 605 3558; x_wconf 88' lang='lat' dir='ltr'><strong>metu</strong></span> <span class='ocrx_word' id='word_1_156' title='bbox 672 3514 792 3557; x_wconf 90' lang='lat' dir='ltr'><strong>non</strong></span> <span class='ocrx_word' id='word_1_157' title='bbox 867 3491 1207 3579; x_wconf 89' lang='lat' dir='ltr'><strong>mediocri,</strong></span> <span class='ocrx_word' id='word_1_158' title='bbox 1283 3515 1469 3581; x_wconf 90' lang='lat' dir='ltr'><strong>quem</strong></span> <span class='ocrx_word' id='word_1_159' title='bbox 1536 3515 2057 3581; x_wconf 88' lang='lat' dir='ltr'><strong>conceperamus,</strong></span> <span class='ocrx_word' id='word_1_160' title='bbox 2113 3517 2189 3559; x_wconf 90' lang='lat' dir='ltr'><strong>ne</strong></span> <span class='ocrx_word' id='word_1_161' title='bbox 2240 3495 2495 3560; x_wconf 85' lang='lat' dir='ltr'><strong>chartae</strong></span> 
     </span>
     <span class='ocr_line' id='line_1_27' title="bbox 435 3610 2492 3700; baseline 0.002 -28"><span class='ocrx_word' id='word_1_162' title='bbox 435 3610 590 3676; x_wconf 87' lang='lat' dir='ltr'><strong>istae</strong></span> <span class='ocrx_word' id='word_1_163' title='bbox 615 3611 963 3698; x_wconf 85' lang='lat' dir='ltr'><strong>periissent.</strong></span> <span class='ocrx_word' id='word_1_164' title='bbox 993 3611 1100 3676; x_wconf 89' lang='lat' dir='ltr'><strong>Ad</strong></span> <span class='ocrx_word' id='word_1_165' title='bbox 1125 3633 1232 3677; x_wconf 89' lang='lat' dir='ltr'><strong>eas</strong></span> <span class='ocrx_word' id='word_1_166' title='bbox 1259 3613 1471 3677; x_wconf 86' lang='lat' dir='ltr'><strong>literas</strong></span> <span class='ocrx_word' id='word_1_167' title='bbox 1497 3613 1803 3677; x_wconf 85' lang='lat' dir='ltr'><strong>hactenus</strong></span> <span class='ocrx_word' id='word_1_168' title='bbox 1829 3614 1979 3677; x_wconf 91' lang='lat' dir='ltr'><strong>nihil</strong></span> <span class='ocrx_word' id='word_1_169' title='bbox 2007 3614 2319 3700; x_wconf 86' lang='lat' dir='ltr'><strong>rescripsit</strong></span> <span class='ocrx_word' id='word_1_170' title='bbox 2346 3612 2492 3677; x_wconf 86' lang='lat' dir='ltr'><strong>Cra·</strong></span> 
     </span>
     <span class='ocr_line' id='line_1_28' title="bbox 435 3733 2499 3818; baseline 0.001 -26"><span class='ocrx_word' id='word_1_171' title='bbox 435 3751 678 3816; x_wconf 87' lang='lat' dir='ltr'><strong>merus,</strong></span> <span class='ocrx_word' id='word_1_172' title='bbox 731 3737 978 3817; x_wconf 86' lang='lat' dir='ltr'><strong>praeter</strong></span> <span class='ocrx_word' id='word_1_173' title='bbox 1027 3752 1206 3795; x_wconf 94' lang='lat' dir='ltr'><strong>suum</strong></span> <span class='ocrx_word' id='word_1_174' title='bbox 1254 3753 1549 3817; x_wconf 91' lang='lat' dir='ltr'><strong>morem,</strong></span> <span class='ocrx_word' id='word_1_175' title='bbox 1603 3740 1665 3797; x_wconf 82' lang='lat' dir='ltr'><strong>et</strong></span> <span class='ocrx_word' id='word_1_176' title='bbox 1697 3733 2213 3797; x_wconf 87' lang='lat' dir='ltr'><strong>officiosissimam</strong></span> <span class='ocrx_word' id='word_1_177' title='bbox 2250 3753 2499 3818; x_wconf 88' lang='lat' dir='ltr'><strong>semper</strong></span> 
     </span>
     <span class='ocr_line' id='line_1_29' title="bbox 433 3848 2495 3938; baseline 0.001 -27"><span class='ocrx_word' id='word_1_178' title='bbox 433 3848 495 3912; x_wconf 93' lang='lat' dir='ltr'><strong>in</strong></span> <span class='ocrx_word' id='word_1_179' title='bbox 543 3871 657 3914; x_wconf 86' lang='lat' dir='ltr'><strong>nos</strong></span> <span class='ocrx_word' id='word_1_180' title='bbox 706 3849 1170 3915; x_wconf 86' lang='lat' dir='ltr'><strong>humanitatem.</strong></span> <span class='ocrx_word' id='word_1_181' title='bbox 1270 3850 1345 3914; x_wconf 93' lang='lat' dir='ltr'><strong>Id</strong></span> <span class='ocrx_word' id='word_1_182' title='bbox 1379 3872 1509 3938; x_wconf 94' lang='lat' dir='ltr'><strong>quo</strong></span> <span class='ocrx_word' id='word_1_183' title='bbox 1545 3851 1735 3915; x_wconf 92' lang='lat' dir='ltr'><strong>modo</strong></span> <span class='ocrx_word' id='word_1_184' title='bbox 1775 3851 2162 3936; x_wconf 78' lang='lat' dir='ltr'><strong>interpretari</strong></span> <span class='ocrx_word' id='word_1_185' title='bbox 2198 3850 2495 3935; x_wconf 87' lang='lat' dir='ltr'><strong>debeam,</strong></span> 
     </span>
     <span class='ocr_line' id='line_1_30' title="bbox 435 3968 2496 4056; baseline 0.001 -25"><span class='ocrx_word' id='word_1_186' title='bbox 435 3969 670 4054; x_wconf 85' lang='lat' dir='ltr'><strong>ignoro.</strong></span> <span class='ocrx_word' id='word_1_187' title='bbox 771 3968 1014 4034; x_wconf 87' lang='lat' dir='ltr'><strong>Vereor</strong></span> <span class='ocrx_word' id='word_1_188' title='bbox 1061 3977 1271 4034; x_wconf 85' lang='lat' dir='ltr'><strong>autem</strong></span> <span class='ocrx_word' id='word_1_189' title='bbox 1321 3970 1505 4034; x_wconf 84' lang='lat' dir='ltr'><strong>anxie</strong></span> <span class='ocrx_word' id='word_1_190' title='bbox 1562 3970 1653 4054; x_wconf 91' lang='lat' dir='ltr'><strong>(id</strong></span> <span class='ocrx_word' id='word_1_191' title='bbox 1703 3970 1870 4056; x_wconf 91' lang='lat' dir='ltr'><strong>quod</strong></span> <span class='ocrx_word' id='word_1_192' title='bbox 1910 3969 2084 4034; x_wconf 90' lang='lat' dir='ltr'><strong>Deus</strong></span> <span class='ocrx_word' id='word_1_193' title='bbox 2121 3971 2382 4053; x_wconf 85' lang='lat' dir='ltr'><strong>avertat)</strong></span> <span class='ocrx_word' id='word_1_194' title='bbox 2420 3991 2496 4034; x_wconf 88' lang='lat' dir='ltr'><strong>ne</strong></span> 
     </span>
     <span class='ocr_line' id='line_1_31' title="bbox 437 4088 2495 4176; baseline 0 -25"><span class='ocrx_word' id='word_1_195' title='bbox 437 4088 583 4174; x_wconf 90' lang='lat' dir='ltr'><strong>quid</strong></span> <span class='ocrx_word' id='word_1_196' title='bbox 649 4088 848 4152; x_wconf 92' lang='lat' dir='ltr'><strong>secius</strong></span> <span class='ocrx_word' id='word_1_197' title='bbox 912 4089 1205 4152; x_wconf 85' lang='lat' dir='ltr'><strong>acciderit</strong></span> <span class='ocrx_word' id='word_1_198' title='bbox 1269 4089 1474 4153; x_wconf 90' lang='lat' dir='ltr'><strong>amico</strong></span> <span class='ocrx_word' id='word_1_199' title='bbox 1526 4090 1963 4173; x_wconf 82' lang='lat' dir='ltr'><strong>suavissim0,·</strong></span> <span class='ocrx_word' id='word_1_200' title='bbox 1990 4110 2182 4176; x_wconf 91' lang='lat' dir='ltr'><strong>quum</strong></span> <span class='ocrx_word' id='word_1_201' title='bbox 2219 4090 2495 4173; x_wconf 85' lang='lat' dir='ltr'><strong>recogito</strong></span> 
     </span>
     <span class='ocr_line' id='line_1_32' title="bbox 439 4208 2496 4294; baseline 0.001 -24"><span class='ocrx_word' id='word_1_202' title='bbox 439 4228 624 4293; x_wconf 89' lang='lat' dir='ltr'><strong>quam</strong></span> <span class='ocrx_word' id='word_1_203' title='bbox 694 4229 814 4271; x_wconf 92' lang='lat' dir='ltr'><strong>non</strong></span> <span class='ocrx_word' id='word_1_204' title='bbox 887 4209 966 4272; x_wconf 84' lang='lat' dir='ltr'><strong>sit</strong></span> <span class='ocrx_word' id='word_1_205' title='bbox 1035 4209 1166 4272; x_wconf 88' lang='lat' dir='ltr'><strong>sine</strong></span> <span class='ocrx_word' id='word_1_206' title='bbox 1239 4209 1525 4294; x_wconf 91' lang='lat' dir='ltr'><strong>periculo</strong></span> <span class='ocrx_word' id='word_1_207' title='bbox 1588 4209 1705 4272; x_wconf 79' lang='lat' dir='ltr'><strong>ista</strong></span> <span class='ocrx_word' id='word_1_208' title='bbox 1757 4209 1921 4272; x_wconf 90' lang='lat' dir='ltr'><strong>oculi</strong></span> <span class='ocrx_word' id='word_1_209' title='bbox 1970 4208 2222 4272; x_wconf 86' lang='lat' dir='ltr'><strong>alterius</strong></span> <span class='ocrx_word' id='word_1_210' title='bbox 2272 4209 2496 4293; x_wconf 79' lang='lat' dir='ltr'><strong>caligo,</strong></span> 
     </span>
     <span class='ocr_line' id='line_1_33' title="bbox 440 4325 2497 4415; baseline 0.001 -27"><span class='ocrx_word' id='word_1_211' title='bbox 440 4325 538 4389; x_wconf 88' lang='lat' dir='ltr'><strong>Tu</strong></span> <span class='ocrx_word' id='word_1_212' title='bbox 610 4327 696 4389; x_wconf 90' lang='lat' dir='ltr'><strong>mi</strong></span> <span class='ocrx_word' id='word_1_213' title='bbox 763 4326 992 4413; x_wconf 79' lang='lat' dir='ltr'><strong>Pater,</strong></span> <span class='ocrx_word' id='word_1_214' title='bbox 1067 4329 1118 4390; x_wconf 88' lang='lat' dir='ltr'><strong>si</strong></span> <span class='ocrx_word' id='word_1_215' title='bbox 1191 4349 1292 4392; x_wconf 91' lang='lat' dir='ltr'><strong>me</strong></span> <span class='ocrx_word' id='word_1_216' title='bbox 1374 4350 1586 4414; x_wconf 77' lang='lat' dir='ltr'><strong>amaS,</strong></span> <span class='ocrx_word' id='word_1_217' title='bbox 1641 4351 1813 4394; x_wconf 87' lang='lat' dir='ltr'><strong>amas</strong></span> <span class='ocrx_word' id='word_1_218' title='bbox 1864 4336 2071 4393; x_wconf 86' lang='lat' dir='ltr'><strong>autem</strong></span> <span class='ocrx_word' id='word_1_219' title='bbox 2118 4330 2497 4415; x_wconf 84' lang='lat' dir='ltr'><strong>plurimum,</strong></span> 
     </span>
    </p>
   </div>
   <div class='ocr_carea' id='block_1_9' title="bbox 536 4507 2020 4591">
    <p class='ocr_par' dir='ltr' id='par_1_9' title="bbox 536 4507 2020 4591">
     <span class='ocr_line' id='line_1_34' title="bbox 536 4507 2020 4591; baseline 0.001 -25"><span class='ocrx_word' id='word_1_220' title='bbox 536 4507 580 4586; x_wconf 87' lang='lat'><strong>¹)</strong></span> <span class='ocrx_word' id='word_1_221' title='bbox 667 4509 759 4568; x_wconf 86' lang='lat' dir='ltr'><strong>De</strong></span> <span class='ocrx_word' id='word_1_222' title='bbox 800 4510 923 4568; x_wconf 78' lang='lat' dir='ltr'><strong>illis</strong></span> <span class='ocrx_word' id='word_1_223' title='bbox 967 4509 1330 4569; x_wconf 82' lang='lat' dir='ltr'><strong>carminibus</strong></span> <span class='ocrx_word' id='word_1_224' title='bbox 1373 4509 1512 4568; x_wconf 82' lang='lat' dir='ltr'><strong>vide</strong></span> <span class='ocrx_word' id='word_1_225' title='bbox 1556 4511 1632 4569; x_wconf 88' lang='lat' dir='ltr'><strong>ad</strong></span> <span class='ocrx_word' id='word_1_226' title='bbox 1678 4511 1868 4591; x_wconf 85' lang='lat' dir='ltr'><strong>Epist.</strong></span> <span class='ocrx_word' id='word_1_227' title='bbox 1922 4513 2020 4568; x_wconf 89' lang='grc'><strong>99.</strong></span> 
     </span>
    </p>
   </div>
  </div>
 </body>
</html>
