2975 5209
1302 474 1382 537 81

307 688 414 731 me
477 666 696 731 fefellit
758 669 1090 749 memoria,
1159 670 1255 733 eui
1323 670 1632 735 interdum
1678 672 1819 757 plus
1870 694 2058 760 quam
2106 691 2224 761 par
2274 680 2369 740 est

309 786 466 849 dare
521 786 714 849 sole0.
814 784 897 850 Et
943 792 1149 852 tamen
1201 794 1520 853 auctorem
1568 788 1776 856 habeo
1828 791 2061 857 Janum
2110 792 2363 859 Nioium

304 902 730 989 Erythraeum
771 908 851 989 ¹),
930 907 1033 992 qui
1105 908 1165 970 in
1239 908 1703 975 Pinaeotheeae
1778 912 2023 998 primae
2096 914 2369 1000 imagine

307 1023 524 1109 quinta
587 1023 837 1109 itidem,
892 1026 978 1088 uti
1029 1046 1184 1111 ego,
1241 1031 1637 1113 epiyramma
1687 1037 1889 1096 vocat.
1998 1032 2185 1099 Unde
2234 1036 2370 1122 quis

307 1144 586 1228 argutari
633 1136 879 1229 possit,
954 1153 1201 1230 praeter
1278 1146 1396 1211 ista
1471 1146 1759 1215 Trabeae
1828 1157 1891 1215 et
1938 1151 2115 1217 Attio
2166 1153 2373 1219 afficta

304 1261 695 1347 fragmenta,
731 1262 1176 1348 Scaligerum2)
1225 1266 1367 1353 plus
1399 1270 1593 1333 semel
1628 1291 1665 1333 a
1696 1268 1950 1337 Mureto
1985 1272 2107 1337 hoe
2138 1295 2369 1359 genere

304 1380 434 1446 fuci
481 1380 672 1445 fuisse
724 1381 1022 1445 delusum.
1107 1384 1234 1449 Sed
1275 1387 1418 1451 nolo
1453 1409 1727 1453 errorem
1764 1390 2140 1458 defendere:
2181 1415 2365 1481 prae-

303 1502 522 1565 sertim
593 1522 731 1566 cum
782 1500 1027 1567 videam
1076 1525 1175 1599 me
1227 1506 1385 1570 hano
1432 1508 1635 1593 ipsam
1688 1508 1767 1575 de
1816 1509 2065 1589 Mul-eto
2117 1511 2369 1578 histori-

307 1623 478 1685 olam
551 1644 693 1686 mea
764 1624 958 1709 ipsius
1039 1646 1224 1689 manu
1296 1626 1378 1689 ad
1448 1630 1793 1714 marginem
1867 1630 2170 1696 Varronis
2247 1634 2374 1699 mei

305 1742 640 1807 adnotasse
684 1744 820 1827 jam
867 1744 1128 1829 pridem.
1233 1746 1469 1832 Quare,
1519 1754 1591 1812 'ut
1640 1750 1807 1837 dixi,
1864 1752 2201 1818 memoriae
2253 1752 2369 1816 im-

305 1864 630 1948 putabitur
702 1865 867 1951 quod
925 1873 1018 1929 est
1067 1873 1354 1931 erratum.
1455 1866 1743 1955 Amabo,
1797 1871 1885 1933 mi
1934 1870 2265 1953 Perizoni,
2319 1872 2374 1935 si
2470 1874 2473 1879 ’

306 1983 461 2069 quid
509 2006 620 2069 per
669 1986 859 2049 otium
910 1986 991 2049 ad
1039 1986 1233 2051 Notas
1282 1987 1434 2051 istas
1484 2010 1657 2053 meas
1707 1991 1967 2076 notasti,
2006 1991 2107 2056 fao
2142 1998 2204 2057 et
2241 2013 2365 2079 ego

307 2102 602 2167 habeam.
701 2104 845 2168 Erit
911 2106 1174 2171 fortasse
1231 2107 1396 2171 unde
1445 2106 1709 2172 alteram
1762 2108 2097 2174 editionem
2146 2131 2373 2196 procu·

307 2222 498 2308 dam,
553 2229 614 2287 et
661 2225 981 2289 meliorem
1032 2232 1092 2289 et
1140 2226 1629 2312 locupletiorem.
1698 2228 1798 2292 De
1830 2227 2095 2294 Hubero
2137 2230 2186 2313 ³)
2222 2230 2373 2316 quid

306 2341 563 2405 dicam?
661 2334 930 2428 Superat
977 2345 1112 2428 ejus
1161 2346 1396 2409 insania
1447 2347 1551 2429 (ne
1603 2346 1806 2411 d-ioam
1839 2347 2034 2431 furor)
2069 2356 2367 2434 quantum

304 2483 430 2547 ego
478 2462 848 2526 insanorum.
880 2463 1198 2528 hominum
1246 2485 1517 2552 unquam
1566 2466 1714 2531 vidi.
1814 2466 2069 2532 Miseret
2103 2489 2204 2535 me
2238 2468 2368 2555 tui,

305 2581 415 2667 qui
483 2580 676 2647 bonas
741 2583 926 2647 horas
975 2582 1238 2669 perdere
1287 2605 1545 2649 neeesse
1595 2584 1889 2650 habueris
1939 2585 2001 2650 in
2051 2606 2118 2650 re
2166 2586 2362 2653 nihili.

303 2701 396 2765 Et
429 2774 435 2780 ,
465 2708 670 2766 tamen
703 2702 1018 2768 ‘Cerbero
1089 2704 1190 2768 isti
1264 2703 1622 2789 objicienda
1692 2703 1807 2767 fuit
1866 2704 2024 2769 haee
2076 2704 2245 2791 offa,
2298 2712 2366 2769 ut

303 2822 508 2885 semel
579 2822 744 2885 bona
815 2821 935 2887 fide
1007 2823 1292 2888 dormiat.
1392 2822 1567 2887 Nihil
1618 2829 1712 2887 est
1760 2844 1835 2888 eo
1886 2824 2139 2889 homine
2190 2844 2362 2890 oere-

305 2942 592 3028 brosiuS,
664 2942 1117 3029 impudentius,
1171 2942 1660 3007 maledicentius.
1761 2940 1946 3014 Quod
1996 2943 2051 3007 si
2097 2963 2199 3007 res
2248 2944 2369 3008 ista

306 3063 407 3145 (ut
494 3033 642 3125 sane
725 3062 936 3147 debet)
1019 3063 1118 3128 vel
1198 3084 1311 3148 pro
1394 3062 1531 3148 ipso
1614 3061 1805 3125 astrui
1885 3060 2074 3126 debet
2155 3069 2367 3128 aueto-

305 3181 490 3245 ritate
565 3186 843 3245 veterum
916 3182 1330 3268 scriptorum,
1402 3183 1500 3246 vel
1548 3181 1772 3245 iisdem
1822 3181 2178 3246 auctoribus
2227 3203 2365 3248 sen·
2441 3266 2444 3270 ι

299 3375 468 3435 mine
519 3375 741 3435 Mureti
782 3394 974 3436 sermo
1020 3382 1126 3437 est.
1216 3378 1457 3436 Marcus
1502 3376 1805 3437 Antonius
1848 3376 2123 3436 Muretus
2170 3377 2361 3453 (1526

307 3458 622 3535 41585),
684 3462 926 3537 Gallus,
988 3462 1088 3521 diu
1148 3463 1210 3521 in
1264 3463 1447 3521 Italia
1489 3462 1677 3538 vixit,
1724 3462 1956 3521 Romae
2001 3461 2205 3521 docuit
2249 3461 2361 3521 lin-

301 3565 491 3625 guam
557 3548 850 3629 Graecam
921 3554 982 3607 et
1046 3549 1360 3624 Latinam,
1425 3548 1873 3627 philosophiam
1942 3553 2002 3607 et
2047 3548 2361 3607 seientiam

301 3632 468 3690 iuris,
515 3632 720 3691 Edidit
763 3632 1122 3708 Orationes,
1167 3635 1502 3711 Epistolas,
1548 3634 1764 3693 Varias
1792 3634 2114 3710 lectiones,
2148 3651 2358 3712 recog-

301 3718 480 3776 novit
525 3717 862 3795 Catullum,
909 3719 1256 3793 Tibullum,
1303 3720 1716 3798 Propertium,
1763 3719 2071 3778 Senecam.

401 3800 442 3876 ¹)
532 3804 831 3883 Giovan-ni
898 3805 1160 3865 Vittorio
1229 3805 1401 3863 Rossi
1464 3804 1971 3881 (1577—1647),
2018 3803 2359 3879 Romanus,

301 3888 503 3947 multa
566 3889 755 3951 edidit
820 3908 1021 3967 opera.
1111 3890 1256 3948 Eius
1319 3891 1507 3948 liber:
1578 3890 1981 3949 Pinacotheca
2024 3890 2361 3966 imaqinum

223 3976 228 3980 ’
303 3974 650 4032 illustrium
725 3977 1000 4035 virorum
1075 3978 1182 4051 qui
1250 3983 1497 4035 auctore
1565 3975 1895 4051 superstite
1960 3975 2116 4033 diem
2182 3992 2360 4033 suum

309 4060 627 4135 obierunt,
672 4061 898 4137 prodiit
943 4080 994 4119 a.
1050 4062 1486 4119 1643-1648.

399 4141 449 4217 ²)
536 4144 610 4202 In
653 4151 799 4205 nota
843 4145 918 4203 ad
965 4164 1205 4203 carmen
1238 4144 1589 4204 Sannazarii
1621 4143 1759 4221 (l.l.)
1790 4142 2080 4221 legimus:
2135 4143 2361 4218 „talem

304 4230 514 4289 fucum
556 4249 689 4309 eum
731 4231 1000 4308 Josepho
1047 4232 1357 4309 Scaligero
1404 4231 1646 4289 fecisset
1691 4228 2019 4306 aliquando
2058 4229 2359 4305 Muretus,

303 4315 368 4373 id
429 4320 552 4388 est,
619 4335 860 4374 carmen
924 4336 1136 4375 recens
1201 4337 1238 4375 a
1280 4336 1343 4375 se
1390 4316 1789 4393 compositum
1830 4314 2208 4375 venditasset
2248 4330 2360 4393 pro
2476 4317 2489 4340 Χ

306 4402 572 4459 vetere.'’

403 4481 456 4562 ³)
538 4487 693 4547 Vide
739 4487 817 4545 ad
858 4488 1045 4567 Epist.
1094 4486 1326 4569 LXIII,
