<?xml version="1.0" encoding="UTF-8"?>
<!DOCTYPE html PUBLIC "-//W3C//DTD XHTML 1.0 Transitional//EN"
    "http://www.w3.org/TR/xhtml1/DTD/xhtml1-transitional.dtd">
<html xmlns="http://www.w3.org/1999/xhtml" xml:lang="en" lang="en">
 <head>
  <title>
</title>
<meta http-equiv="Content-Type" content="text/html;charset=utf-8" />
  <meta name='ocr-system' content='tesseract 3.04.00' />
  <meta name='ocr-capabilities' content='ocr_page ocr_carea ocr_par ocr_line ocrx_word'/>
</head>
<body>
  <div class='ocr_page' id='page_1' title='image "./epistolaeselect00worpgoog_0092.png"; bbox 0 0 2975 5209; ppageno 0'>
   <div class='ocr_carea' id='block_1_1' title="bbox 1544 432 1629 495">
    <p class='ocr_par' dir='ltr' id='par_1_1' title="bbox 1544 432 1629 495">
     <span class='ocr_line' id='line_1_1' title="bbox 1544 432 1629 495; baseline -0.012 0"><span class='ocrx_word' id='word_1_1' title='bbox 1544 432 1629 495; x_wconf 82' lang='lat'>78</span> 
     </span>
    </p>
   </div>
   <div class='ocr_carea' id='block_1_2' title="bbox 557 626 2629 2509">
    <p class='ocr_par' dir='ltr' id='par_1_2' title="bbox 557 626 2629 2509">
     <span class='ocr_line' id='line_1_2' title="bbox 557 626 2619 715; baseline -0.003 -20"><span class='ocrx_word' id='word_1_2' title='bbox 557 630 774 714; x_wconf 80' lang='lat' dir='ltr'>addis,</span> <span class='ocrx_word' id='word_1_3' title='bbox 827 630 1140 715; x_wconf 88' lang='lat' dir='ltr'>quomodo</span> <span class='ocrx_word' id='word_1_4' title='bbox 1190 628 1300 691; x_wconf 89' lang='lat' dir='ltr'>tibi</span> <span class='ocrx_word' id='word_1_5' title='bbox 1350 629 1673 693; x_wconf 84' lang='lat' dir='ltr'>conveniat</span> <span class='ocrx_word' id='word_1_6' title='bbox 1718 630 2205 714; x_wconf 85' lang='lat' dir='ltr'>cumpertinace</span> <span class='ocrx_word' id='word_1_7' title='bbox 2238 630 2355 692; x_wconf 90' lang='lat' dir='ltr'>isto</span> <span class='ocrx_word' id='word_1_8' title='bbox 2394 626 2619 691; x_wconf 74' lang='lat' dir='ltr'>malo?</span> 
     </span>
     <span class='ocr_line' id='line_1_3' title="bbox 557 746 2619 837; baseline -0.002 -24"><span class='ocrx_word' id='word_1_9' title='bbox 557 772 716 835; x_wconf 89' lang='lat' dir='ltr'>quae</span> <span class='ocrx_word' id='word_1_10' title='bbox 753 750 828 813; x_wconf 89' lang='lat' dir='ltr'>sit</span> <span class='ocrx_word' id='word_1_11' title='bbox 863 770 1049 837; x_wconf 86' lang='lat' dir='ltr'>super</span> <span class='ocrx_word' id='word_1_12' title='bbox 1081 770 1155 813; x_wconf 93' lang='lat' dir='ltr'>eo</span> <span class='ocrx_word' id='word_1_13' title='bbox 1191 746 1574 812; x_wconf 81' lang='lat' dir='ltr'><strong>Medicorum</strong></span> <span class='ocrx_word' id='word_1_14' title='bbox 1608 750 1773 834; x_wconf 84' lang='lat' dir='ltr'>apud</span> <span class='ocrx_word' id='word_1_15' title='bbox 1812 769 1919 812; x_wconf 86' lang='lat' dir='ltr'>vos</span> <span class='ocrx_word' id='word_1_16' title='bbox 1952 748 2305 813; x_wconf 80' lang='lat' dir='ltr'>sententia?</span> <span class='ocrx_word' id='word_1_17' title='bbox 2355 746 2619 832; x_wconf 84' lang='lat' dir='ltr'>quando</span> 
     </span>
     <span class='ocr_line' id='line_1_4' title="bbox 557 866 2629 953; baseline -0.003 -20"><span class='ocrx_word' id='word_1_18' title='bbox 557 871 640 933; x_wconf 89' lang='lat' dir='ltr'>sis</span> <span class='ocrx_word' id='word_1_19' title='bbox 713 868 790 933; x_wconf 85' lang='lat' dir='ltr'>ad</span> <span class='ocrx_word' id='word_1_20' title='bbox 861 874 959 933; x_wconf 81' lang='lat' dir='ltr'>me</span> <span class='ocrx_word' id='word_1_21' title='bbox 1027 870 1430 933; x_wconf 78' lang='lat' dir='ltr'>reversurus?</span> <span class='ocrx_word' id='word_1_22' title='bbox 1530 867 1938 952; x_wconf 80' lang='lat' dir='ltr'><strong>Quanquam,</strong></span> <span class='ocrx_word' id='word_1_23' title='bbox 2012 888 2239 953; x_wconf 84' lang='lat' dir='ltr'>spere,</span> <span class='ocrx_word' id='word_1_24' title='bbox 2324 866 2497 929; x_wconf 87' lang='lat' dir='ltr'>dabit</span> <span class='ocrx_word' id='word_1_25' title='bbox 2556 871 2629 935; x_wconf 84' lang='lat' dir='ltr'>et</span> 
     </span>
     <span class='ocr_line' id='line_1_5' title="bbox 557 987 2617 1073; baseline -0.001 -22"><span class='ocrx_word' id='word_1_26' title='bbox 557 988 654 1051; x_wconf 91' lang='lat' dir='ltr'>his</span> <span class='ocrx_word' id='word_1_27' title='bbox 719 989 902 1051; x_wconf 86' lang='lat' dir='ltr'>finem</span> <span class='ocrx_word' id='word_1_28' title='bbox 951 988 1220 1073; x_wconf 77' lang='lat' dir='ltr'>aliquem</span> <span class='ocrx_word' id='word_1_29' title='bbox 1269 988 1440 1051; x_wconf 86' lang='lat' dir='ltr'>Deus</span> <span class='ocrx_word' id='word_1_30' title='bbox 1485 991 1546 1070; x_wconf 86' lang='lat'>¹).</span> <span class='ocrx_word' id='word_1_31' title='bbox 1604 987 1909 1052; x_wconf 86' lang='lat' dir='ltr'>-Multum</span> <span class='ocrx_word' id='word_1_32' title='bbox 1961 989 2063 1052; x_wconf 89' lang='lat' dir='ltr'>risi</span> <span class='ocrx_word' id='word_1_33' title='bbox 2118 1009 2307 1073; x_wconf 87' lang='lat' dir='ltr'>super</span> <span class='ocrx_word' id='word_1_34' title='bbox 2356 987 2617 1071; x_wconf 83' lang='lat' dir='ltr'>negotio</span> 
     </span>
     <span class='ocr_line' id='line_1_6' title="bbox 559 1106 2620 1191; baseline -0 -21"><span class='ocrx_word' id='word_1_35' title='bbox 559 1106 1046 1171; x_wconf 84' lang='lat' dir='ltr'>Geldsakkiano.</span> <span class='ocrx_word' id='word_1_36' title='bbox 1151 1107 1358 1180; x_wconf 80' lang='lat' dir='ltr'>Quare</span> <span class='ocrx_word' id='word_1_37' title='bbox 1409 1108 1573 1171; x_wconf 89' lang='lat' dir='ltr'>enim</span> <span class='ocrx_word' id='word_1_38' title='bbox 1624 1130 1742 1171; x_wconf 90' lang='lat' dir='ltr'>non</span> <span class='ocrx_word' id='word_1_39' title='bbox 1794 1108 2094 1191; x_wconf 83' lang='lat' dir='ltr'>riderem,</span> <span class='ocrx_word' id='word_1_40' title='bbox 2151 1128 2290 1171; x_wconf 87' lang='lat' dir='ltr'>cum</span> <span class='ocrx_word' id='word_1_41' title='bbox 2344 1106 2620 1170; x_wconf 89' lang='lat' dir='ltr'>viderim</span> 
     </span>
     <span class='ocr_line' id='line_1_7' title="bbox 562 1226 2619 1313; baseline -0 -24"><span class='ocrx_word' id='word_1_42' title='bbox 562 1228 746 1290; x_wconf 87' lang='lat' dir='ltr'>etiam</span> <span class='ocrx_word' id='word_1_43' title='bbox 819 1227 1124 1291; x_wconf 88' lang='lat' dir='ltr'>humanos</span> <span class='ocrx_word' id='word_1_44' title='bbox 1197 1228 1386 1295; x_wconf 84' lang='lat' dir='ltr'>Joves</span> <span class='ocrx_word' id='word_1_45' title='bbox 1461 1228 1790 1313; x_wconf 89' lang='lat' dir='ltr'>aliqnando</span> <span class='ocrx_word' id='word_1_46' title='bbox 1856 1229 1987 1313; x_wconf 88' lang='lat' dir='ltr'>pati</span> <span class='ocrx_word' id='word_1_47' title='bbox 2038 1228 2273 1313; x_wconf 89' lang='lat' dir='ltr'>aliquid</span> <span class='ocrx_word' id='word_1_48' title='bbox 2326 1226 2619 1309; x_wconf 89' lang='lat' dir='ltr'>humani,</span> 
     </span>
     <span class='ocr_line' id='line_1_8' title="bbox 563 1321 2616 1433; baseline 0 -25"><span class='ocrx_word' id='word_1_49' title='bbox 563 1365 636 1408; x_wconf 87' lang='lat' dir='ltr'>ac</span> <span class='ocrx_word' id='word_1_50' title='bbox 699 1366 811 1431; x_wconf 83' lang='lat' dir='ltr'>spe</span> <span class='ocrx_word' id='word_1_51' title='bbox 879 1368 990 1411; x_wconf 85' lang='lat' dir='ltr'>sua</span> <span class='ocrx_word' id='word_1_52' title='bbox 1058 1346 1379 1431; x_wconf 81' lang='lat' dir='ltr'>excidere3</span> <span class='ocrx_word' id='word_1_53' title='bbox 1452 1355 1512 1412; x_wconf 90' lang='lat' dir='ltr'>te</span> <span class='ocrx_word' id='word_1_54' title='bbox 1582 1369 1726 1412; x_wconf 86' lang='lat' dir='ltr'>vero</span> <span class='ocrx_word' id='word_1_55' title='bbox 1798 1348 1948 1410; x_wconf 89' lang='lat' dir='ltr'>nihil</span> <span class='ocrx_word' id='word_1_56' title='bbox 1999 1347 2347 1433; x_wconf 80' lang='lat' dir='ltr'>perdidisse</span> <span class='ocrx_word' id='word_1_57' title='bbox 2400 1321 2616 1411; x_wconf 80' lang='lat' dir='ltr'>exeo</span> 
     </span>
     <span class='ocr_line' id='line_1_9' title="bbox 565 1448 2608 1553; baseline 0 -23"><span class='ocrx_word' id='word_1_58' title='bbox 565 1463 642 1530; x_wconf 85' lang='lat' dir='ltr'>de</span> <span class='ocrx_word' id='word_1_59' title='bbox 693 1486 812 1550; x_wconf 93' lang='lat' dir='ltr'>quo</span> <span class='ocrx_word' id='word_1_60' title='bbox 863 1466 1013 1529; x_wconf 89' lang='lat' dir='ltr'>nihil</span> <span class='ocrx_word' id='word_1_61' title='bbox 1063 1466 1171 1529; x_wconf 92' lang='lat' dir='ltr'>tibi</span> <span class='ocrx_word' id='word_1_62' title='bbox 1223 1468 1643 1553; x_wconf 80' lang='lat' dir='ltr'>promiseras?</span> <span class='ocrx_word' id='word_1_63' title='bbox 1742 1467 1841 1531; x_wconf 91' lang='lat' dir='ltr'>De</span> <span class='ocrx_word' id='word_1_64' title='bbox 1888 1469 2005 1530; x_wconf 89' lang='lat' dir='ltr'>ista</span> <span class='ocrx_word' id='word_1_65' title='bbox 2055 1468 2251 1531; x_wconf 87' lang='lat' dir='ltr'>altera</span> <span class='ocrx_word' id='word_1_66' title='bbox 2300 1448 2608 1550; x_wconf 81' lang='lat' dir='ltr'>cohorte,</span> 
     </span>
     <span class='ocr_line' id='line_1_10' title="bbox 569 1584 2629 1670; baseline 0.001 -23"><span class='ocrx_word' id='word_1_67' title='bbox 569 1606 751 1669; x_wconf 90' lang='lat' dir='ltr'>quam</span> <span class='ocrx_word' id='word_1_68' title='bbox 815 1584 1068 1651; x_wconf 87' lang='lat' dir='ltr'>Patroni</span> <span class='ocrx_word' id='word_1_69' title='bbox 1137 1588 1220 1649; x_wconf 90' lang='lat' dir='ltr'>tui</span> <span class='ocrx_word' id='word_1_70' title='bbox 1292 1585 1403 1649; x_wconf 88' lang='lat' dir='ltr'>tibi</span> <span class='ocrx_word' id='word_1_71' title='bbox 1473 1587 1966 1670; x_wconf 87' lang='lat' dir='ltr'>destinaverant,</span> <span class='ocrx_word' id='word_1_72' title='bbox 2044 1586 2261 1649; x_wconf 90' lang='lat' dir='ltr'>merito</span> <span class='ocrx_word' id='word_1_73' title='bbox 2328 1584 2629 1669; x_wconf 87' lang='lat' dir='ltr'>indignor</span> 
     </span>
     <span class='ocr_line' id='line_1_11' title="bbox 567 1705 2626 1793; baseline -0.001 -24"><span class='ocrx_word' id='word_1_74' title='bbox 567 1706 1009 1791; x_wconf 85' lang='lat' dir='ltr'>benignissima</span> <span class='ocrx_word' id='word_1_75' title='bbox 1068 1709 1442 1793; x_wconf 88' lang='lat' dir='ltr'>optimorum</span> <span class='ocrx_word' id='word_1_76' title='bbox 1496 1710 1759 1770; x_wconf 89' lang='lat' dir='ltr'>virorum</span> <span class='ocrx_word' id='word_1_77' title='bbox 1813 1714 1955 1771; x_wconf 84' lang='lat' dir='ltr'>vota</span> <span class='ocrx_word' id='word_1_78' title='bbox 2004 1714 2132 1769; x_wconf 86' lang='lat' dir='ltr'>tam</span> <span class='ocrx_word' id='word_1_79' title='bbox 2168 1706 2370 1769; x_wconf 89' lang='lat' dir='ltr'>subito</span> <span class='ocrx_word' id='word_1_80' title='bbox 2408 1705 2626 1769; x_wconf 86' lang='lat' dir='ltr'>decol-</span> 
     </span>
     <span class='ocr_line' id='line_1_12' title="bbox 570 1823 2627 1891; baseline 0 -4"><span class='ocrx_word' id='word_1_81' title='bbox 570 1826 750 1889; x_wconf 85' lang='lat' dir='ltr'>lasse.</span> <span class='ocrx_word' id='word_1_82' title='bbox 851 1824 983 1890; x_wconf 82' lang='lat' dir='ltr'>Nec</span> <span class='ocrx_word' id='word_1_83' title='bbox 1056 1835 1259 1891; x_wconf 87' lang='lat' dir='ltr'>tamen</span> <span class='ocrx_word' id='word_1_84' title='bbox 1329 1828 1454 1889; x_wconf 93' lang='lat' dir='ltr'>ullo</span> <span class='ocrx_word' id='word_1_85' title='bbox 1528 1828 1713 1890; x_wconf 87' lang='lat' dir='ltr'>modo</span> <span class='ocrx_word' id='word_1_86' title='bbox 1768 1826 2043 1890; x_wconf 86' lang='lat' dir='ltr'>adducor</span> <span class='ocrx_word' id='word_1_87' title='bbox 2094 1834 2157 1889; x_wconf 91' lang='lat' dir='ltr'>ut</span> <span class='ocrx_word' id='word_1_88' title='bbox 2208 1823 2486 1889; x_wconf 82' lang='lat' dir='ltr'>dubitem</span> <span class='ocrx_word' id='word_1_89' title='bbox 2538 1825 2627 1888; x_wconf 88' lang='lat' dir='ltr'>de</span> 
     </span>
     <span class='ocr_line' id='line_1_13' title="bbox 569 1934 2621 2029; baseline 0 -22"><span class='ocrx_word' id='word_1_90' title='bbox 569 1950 694 2007; x_wconf 86' lang='lat' dir='ltr'>tam</span> <span class='ocrx_word' id='word_1_91' title='bbox 744 1945 991 2029; x_wconf 85' lang='lat' dir='ltr'>prolixa</span> <span class='ocrx_word' id='word_1_92' title='bbox 1039 1967 1189 2029; x_wconf 86' lang='lat' dir='ltr'>erga</span> <span class='ocrx_word' id='word_1_93' title='bbox 1223 1954 1282 2010; x_wconf 92' lang='lat' dir='ltr'>tc</span> <span class='ocrx_word' id='word_1_94' title='bbox 1317 1946 1766 2011; x_wconf 76' lang='lat' dir='ltr'>benevolentia.</span> <span class='ocrx_word' id='word_1_95' title='bbox 1846 1934 2077 2008; x_wconf 84' lang='lat' dir='ltr'>Iterum</span> <span class='ocrx_word' id='word_1_96' title='bbox 2112 1942 2201 2007; x_wconf 90' lang='lat' dir='ltr'>illi</span> <span class='ocrx_word' id='word_1_97' title='bbox 2236 1944 2621 2029; x_wconf 82' lang='lat' dir='ltr'>adnitentur,</span> 
     </span>
     <span class='ocr_line' id='line_1_14' title="bbox 567 2063 2623 2150; baseline 0 -24"><span class='ocrx_word' id='word_1_98' title='bbox 567 2070 628 2126; x_wconf 91' lang='lat' dir='ltr'>et</span> <span class='ocrx_word' id='word_1_99' title='bbox 699 2064 1030 2149; x_wconf 83' lang='lat' dir='ltr'>aliquando</span> <span class='ocrx_word' id='word_1_100' title='bbox 1104 2067 1434 2150; x_wconf 87' lang='lat' dir='ltr'>perficient.</span> <span class='ocrx_word' id='word_1_101' title='bbox 1538 2066 1708 2129; x_wconf 89' lang='lat' dir='ltr'>Nihil</span> <span class='ocrx_word' id='word_1_102' title='bbox 1782 2087 1881 2129; x_wconf 89' lang='lat' dir='ltr'>me</span> <span class='ocrx_word' id='word_1_103' title='bbox 1955 2072 2164 2130; x_wconf 86' lang='lat' dir='ltr'>movet</span> <span class='ocrx_word' id='word_1_104' title='bbox 2229 2064 2395 2150; x_wconf 91' lang='lat' dir='ltr'>quod</span> <span class='ocrx_word' id='word_1_105' title='bbox 2447 2063 2623 2127; x_wconf 90' lang='lat' dir='ltr'>Dido</span> 
     </span>
     <span class='ocr_line' id='line_1_15' title="bbox 568 2183 2622 2270; baseline 0.001 -25"><span class='ocrx_word' id='word_1_106' title='bbox 568 2202 707 2247; x_wconf 89' lang='lat' dir='ltr'>mea</span> <span class='ocrx_word' id='word_1_107' title='bbox 741 2184 790 2261; x_wconf 78' lang='grc'>2)</span> <span class='ocrx_word' id='word_1_108' title='bbox 857 2183 974 2246; x_wconf 90' lang='lat' dir='ltr'>hoc</span> <span class='ocrx_word' id='word_1_109' title='bbox 1023 2184 1409 2269; x_wconf 88' lang='lat' dir='ltr'>potissimum</span> <span class='ocrx_word' id='word_1_110' title='bbox 1461 2191 1743 2270; x_wconf 87' lang='lat' dir='ltr'>tempore</span> <span class='ocrx_word' id='word_1_111' title='bbox 1794 2186 2022 2269; x_wconf 84' lang='lat' dir='ltr'>cogitet</span> <span class='ocrx_word' id='word_1_112' title='bbox 2070 2185 2147 2248; x_wconf 91' lang='lat' dir='ltr'>de</span> <span class='ocrx_word' id='word_1_113' title='bbox 2199 2184 2385 2248; x_wconf 90' lang='lat' dir='ltr'>rebus</span> <span class='ocrx_word' id='word_1_114' title='bbox 2424 2204 2622 2269; x_wconf 80' lang='lat' dir='ltr'>repe-</span> 
     </span>
     <span class='ocr_line' id='line_1_16' title="bbox 567 2300 2618 2389; baseline 0.001 -26"><span class='ocrx_word' id='word_1_115' title='bbox 567 2300 802 2387; x_wconf 83' lang='lat' dir='ltr'>tundis,</span> <span class='ocrx_word' id='word_1_116' title='bbox 858 2323 971 2366; x_wconf 91' lang='lat' dir='ltr'>nec</span> <span class='ocrx_word' id='word_1_117' title='bbox 1019 2302 1356 2386; x_wconf 82' lang='lat' dir='ltr'>movebor,</span> <span class='ocrx_word' id='word_1_118' title='bbox 1411 2305 1651 2368; x_wconf 85' lang='lat' dir='ltr'>etiamsi</span> <span class='ocrx_word' id='word_1_119' title='bbox 1686 2305 2049 2368; x_wconf 83' lang='lat' dir='ltr'>advolvatur</span> <span class='ocrx_word' id='word_1_120' title='bbox 2082 2303 2282 2389; x_wconf 67' lang='lat' dir='ltr'>Regis⁴</span> <span class='ocrx_word' id='word_1_121' title='bbox 2315 2303 2618 2389; x_wconf 77' lang='lat' dir='ltr'>genibuS,</span> 
     </span>
     <span class='ocr_line' id='line_1_17' title="bbox 565 2414 2617 2509; baseline 0.002 -26"><span class='ocrx_word' id='word_1_122' title='bbox 565 2440 704 2483; x_wconf 89' lang='lat' dir='ltr'>cum</span> <span class='ocrx_word' id='word_1_123' title='bbox 770 2420 831 2483; x_wconf 89' lang='lat' dir='ltr'>in</span> <span class='ocrx_word' id='word_1_124' title='bbox 881 2422 986 2485; x_wconf 86' lang='lat' dir='ltr'>lite</span> <span class='ocrx_word' id='word_1_125' title='bbox 1037 2444 1188 2508; x_wconf 90' lang='lat' dir='ltr'>pure</span> <span class='ocrx_word' id='word_1_126' title='bbox 1238 2424 1438 2507; x_wconf 87' lang='lat' dir='ltr'>civili,</span> <span class='ocrx_word' id='word_1_127' title='bbox 1517 2439 1581 2485; x_wconf 87' lang='lat' dir='ltr'>ut</span> <span class='ocrx_word' id='word_1_128' title='bbox 1632 2414 1999 2509; x_wconf 74' lang='lat' dir='ltr'>pragmatici</span> <span class='ocrx_word' id='word_1_129' title='bbox 2050 2414 2419 2509; x_wconf 83' lang='lat' dir='ltr'>loquuntur,</span> <span class='ocrx_word' id='word_1_130' title='bbox 2491 2445 2617 2487; x_wconf 88' lang='lat' dir='ltr'>non</span> 
     </span>
    </p>
   </div>
   <div class='ocr_carea' id='block_1_3' title="bbox 460 2540 2623 2630">
    <p class='ocr_par' dir='ltr' id='par_1_3' title="bbox 460 2540 2623 2630">
     <span class='ocr_line' id='line_1_18' title="bbox 460 2540 2623 2630; baseline 0.002 -29"><span class='ocrx_word' id='word_1_131' title='bbox 460 2577 468 2585; x_wconf 90' lang='lat'><strong>·</strong></span> <span class='ocrx_word' id='word_1_132' title='bbox 562 2540 763 2603; x_wconf 86' lang='lat' dir='ltr'>soleat</span> <span class='ocrx_word' id='word_1_133' title='bbox 842 2561 978 2605; x_wconf 86' lang='lat' dir='ltr'>esse</span> <span class='ocrx_word' id='word_1_134' title='bbox 1051 2542 1221 2605; x_wconf 91' lang='lat' dir='ltr'>locus</span> <span class='ocrx_word' id='word_1_135' title='bbox 1293 2542 1642 2606; x_wconf 84' lang='lat' dir='ltr'>istiusmodi</span> <span class='ocrx_word' id='word_1_136' title='bbox 1716 2544 2308 2630; x_wconf 80' lang='lat' dir='ltr'>supplicationibus,</span> <span class='ocrx_word' id='word_1_137' title='bbox 2400 2551 2460 2605; x_wconf 87' lang='lat' dir='ltr'>et</span> <span class='ocrx_word' id='word_1_138' title='bbox 2536 2544 2623 2605; x_wconf 88' lang='lat' dir='ltr'>sit</span> 
     </span>
    </p>
   </div>
   <div class='ocr_carea' id='block_1_4' title="bbox 556 2656 2689 2987">
    <p class='ocr_par' dir='ltr' id='par_1_4' title="bbox 556 2656 2689 2987">
     <span class='ocr_line' id='line_1_19' title="bbox 556 2656 2689 2747; baseline 0.003 -28"><span class='ocrx_word' id='word_1_139' title='bbox 556 2658 868 2743; x_wconf 83' lang='lat' dir='ltr'>integrum</span> <span class='ocrx_word' id='word_1_140' title='bbox 935 2659 1123 2744; x_wconf 87' lang='lat' dir='ltr'>mihi,</span> <span class='ocrx_word' id='word_1_141' title='bbox 1195 2662 1246 2723; x_wconf 90' lang='lat' dir='ltr'>si</span> <span class='ocrx_word' id='word_1_142' title='bbox 1310 2663 1371 2724; x_wconf 88' lang='lat' dir='ltr'>in</span> <span class='ocrx_word' id='word_1_143' title='bbox 1422 2662 1541 2725; x_wconf 92' lang='lat' dir='ltr'>hoc</span> <span class='ocrx_word' id='word_1_144' title='bbox 1590 2663 1725 2726; x_wconf 87' lang='lat' dir='ltr'>foro</span> <span class='ocrx_word' id='word_1_145' title='bbox 1776 2684 1997 2727; x_wconf 88' lang='lat' dir='ltr'>caussa</span> <span class='ocrx_word' id='word_1_146' title='bbox 2046 2662 2304 2745; x_wconf 86' lang='lat' dir='ltr'>cadam,</span> <span class='ocrx_word' id='word_1_147' title='bbox 2377 2682 2612 2747; x_wconf 87' lang='lat' dir='ltr'>provo·</span> <span class='ocrx_word' id='word_1_148' title='bbox 2670 2656 2689 2669; x_wconf 67' lang='grc'><strong>’</strong></span> 
     </span>
     <span class='ocr_line' id='line_1_20' title="bbox 565 2777 2611 2865; baseline 0.002 -26"><span class='ocrx_word' id='word_1_149' title='bbox 565 2798 706 2842; x_wconf 88' lang='lat' dir='ltr'>care</span> <span class='ocrx_word' id='word_1_150' title='bbox 778 2777 858 2841; x_wconf 88' lang='lat' dir='ltr'>ad</span> <span class='ocrx_word' id='word_1_151' title='bbox 931 2778 1101 2843; x_wconf 90' lang='lat' dir='ltr'>aliud</span> <span class='ocrx_word' id='word_1_152' title='bbox 1173 2782 1472 2865; x_wconf 86' lang='lat' dir='ltr'>superius.</span> <span class='ocrx_word' id='word_1_153' title='bbox 1588 2782 1683 2844; x_wconf 83' lang='lat' dir='ltr'>De</span> <span class='ocrx_word' id='word_1_154' title='bbox 1758 2782 2095 2846; x_wconf 82' lang='lat' dir='ltr'>latronibus</span> <span class='ocrx_word' id='word_1_155' title='bbox 2153 2790 2320 2846; x_wconf 89' lang='lat' dir='ltr'>recte</span> <span class='ocrx_word' id='word_1_156' title='bbox 2369 2800 2611 2844; x_wconf 76' lang='lat' dir='ltr'>monce.</span> 
     </span>
     <span class='ocr_line' id='line_1_21' title="bbox 564 2894 2614 2987; baseline 0.002 -28"><span class='ocrx_word' id='word_1_157' title='bbox 564 2894 914 2961; x_wconf 78' lang='lat' dir='ltr'>Paucorum</span> <span class='ocrx_word' id='word_1_158' title='bbox 967 2919 1250 2962; x_wconf 91' lang='lat' dir='ltr'>versuum</span> <span class='ocrx_word' id='word_1_159' title='bbox 1296 2900 1543 2982; x_wconf 85' lang='lat' dir='ltr'>jactura</span> <span class='ocrx_word' id='word_1_160' title='bbox 1592 2922 1711 2963; x_wconf 90' lang='lat' dir='ltr'>non</span> <span class='ocrx_word' id='word_1_161' title='bbox 1742 2909 1833 2963; x_wconf 86' lang='lat' dir='ltr'>est</span> <span class='ocrx_word' id='word_1_162' title='bbox 1872 2902 2039 2985; x_wconf 86' lang='lat' dir='ltr'>tanti,</span> <span class='ocrx_word' id='word_1_163' title='bbox 2068 2909 2135 2963; x_wconf 87' lang='lat' dir='ltr'>ut</span> <span class='ocrx_word' id='word_1_164' title='bbox 2162 2899 2614 2987; x_wconf 88' lang='lat' dir='ltr'>intempestivis</span> 
     </span>
    </p>
   </div>
   <div class='ocr_carea' id='block_1_5' title="bbox 569 3022 832 3029">
    <p class='ocr_par' dir='ltr' id='par_1_5' title="bbox 569 3022 832 3029">
     <span class='ocr_line' id='line_1_22' title="bbox 569 3022 832 3029; baseline 0 0"><span class='ocrx_word' id='word_1_165' title='bbox 569 3022 832 3029; x_wconf 95' lang='lat' dir='ltr'> </span> 
     </span>
    </p>
   </div>
   <div class='ocr_carea' id='block_1_6' title="bbox 563 3063 2619 4525">
    <p class='ocr_par' dir='ltr' id='par_1_6' title="bbox 663 3063 2613 3147">
     <span class='ocr_line' id='line_1_23' title="bbox 663 3063 2613 3147; baseline 0.001 -21"><span class='ocrx_word' id='word_1_166' title='bbox 663 3064 704 3141; x_wconf 82' lang='grc'>1)</span> <span class='ocrx_word' id='word_1_167' title='bbox 759 3063 1046 3147; x_wconf 71' lang='lat' dir='ltr'>&#39;Bergius</span> <span class='ocrx_word' id='word_1_168' title='bbox 1093 3070 1300 3129; x_wconf 87' lang='lat' dir='ltr'>eodem</span> <span class='ocrx_word' id='word_1_169' title='bbox 1347 3090 1506 3128; x_wconf 90' lang='lat' dir='ltr'>anno</span> <span class='ocrx_word' id='word_1_170' title='bbox 1553 3073 1701 3129; x_wconf 84' lang='lat' dir='ltr'>obiit</span> <span class='ocrx_word' id='word_1_171' title='bbox 1748 3071 1909 3145; x_wconf 86' lang='lat' dir='ltr'>(vide</span> <span class='ocrx_word' id='word_1_172' title='bbox 1956 3072 2141 3147; x_wconf 86' lang='lat' dir='ltr'>Epist.</span> <span class='ocrx_word' id='word_1_173' title='bbox 2195 3074 2303 3145; x_wconf 80' lang='lat'>70,</span> <span class='ocrx_word' id='word_1_174' title='bbox 2359 3066 2613 3143; x_wconf 89' lang='lat' dir='ltr'><strong>LXXI).</strong></span> 
     </span>
    </p>

    <p class='ocr_par' dir='ltr' id='par_1_7' title="bbox 563 3154 2619 4525">
     <span class='ocr_line' id='line_1_24' title="bbox 650 3154 2611 3232; baseline 0 -21"><span class='ocrx_word' id='word_1_175' title='bbox 650 3157 694 3226; x_wconf 74' lang='grc'>2)</span> <span class='ocrx_word' id='word_1_176' title='bbox 764 3154 1076 3232; x_wconf 80' lang='lat' dir='ltr'>Significat</span> <span class='ocrx_word' id='word_1_177' title='bbox 1123 3156 1360 3213; x_wconf 83' lang='lat' dir='ltr'>viduam</span> <span class='ocrx_word' id='word_1_178' title='bbox 1405 3158 1661 3215; x_wconf 84' lang='lat' dir='ltr'>Joannis</span> <span class='ocrx_word' id='word_1_179' title='bbox 1695 3156 2011 3215; x_wconf 86' lang='lat' dir='ltr'>Antonidis</span> <span class='ocrx_word' id='word_1_180' title='bbox 2042 3156 2305 3215; x_wconf 79' lang='lat' dir='ltr'>Goesani</span> <span class='ocrx_word' id='word_1_181' title='bbox 2338 3156 2500 3229; x_wconf 87' lang='lat' dir='ltr'>(den.</span> <span class='ocrx_word' id='word_1_182' title='bbox 2553 3174 2611 3212; x_wconf 83' lang='lat' dir='ltr'>a.</span> 
     </span>
     <span class='ocr_line' id='line_1_25' title="bbox 572 3240 2617 3319; baseline 0 -22"><span class='ocrx_word' id='word_1_183' title='bbox 572 3245 597 3297; x_wconf 91' lang='lat'>1</span> <span class='ocrx_word' id='word_1_184' title='bbox 610 3242 778 3315; x_wconf 81' lang='lat'>684),</span> <span class='ocrx_word' id='word_1_185' title='bbox 791 3240 1127 3298; x_wconf 82' lang='lat' dir='ltr'>Susannam</span> <span class='ocrx_word' id='word_1_186' title='bbox 1144 3243 1448 3299; x_wconf 81' lang='lat' dir='ltr'>BormanS.</span> <span class='ocrx_word' id='word_1_187' title='bbox 1466 3242 1800 3319; x_wconf 87' lang='lat' dir='ltr'>Despondit</span> <span class='ocrx_word' id='word_1_188' title='bbox 1812 3242 1925 3299; x_wconf 89' lang='lat' dir='ltr'>sibi</span> <span class='ocrx_word' id='word_1_189' title='bbox 1940 3242 2179 3299; x_wconf 89' lang='lat' dir='ltr'>viduam</span> <span class='ocrx_word' id='word_1_190' title='bbox 2194 3242 2369 3299; x_wconf 88' lang='lat' dir='ltr'>amici</span> <span class='ocrx_word' id='word_1_191' title='bbox 2382 3240 2617 3298; x_wconf 89' lang='lat' dir='ltr'>Brouk-</span> 
     </span>
     <span class='ocr_line' id='line_1_26' title="bbox 565 3324 2617 3405; baseline 0 -22"><span class='ocrx_word' id='word_1_192' title='bbox 565 3326 770 3384; x_wconf 85' lang='lat' dir='ltr'>husius</span> <span class='ocrx_word' id='word_1_193' title='bbox 817 3332 877 3385; x_wconf 89' lang='lat' dir='ltr'>et</span> <span class='ocrx_word' id='word_1_194' title='bbox 921 3326 974 3383; x_wconf 90' lang='lat' dir='ltr'>d.</span> <span class='ocrx_word' id='word_1_195' title='bbox 995 3326 1142 3383; x_wconf 88' lang='lat' dir='ltr'>XVI</span> <span class='ocrx_word' id='word_1_196' title='bbox 1189 3328 1330 3385; x_wconf 88' lang='lat' dir='ltr'>Maii</span> <span class='ocrx_word' id='word_1_197' title='bbox 1382 3330 1538 3384; x_wconf 87' lang='grc'>1686</span> <span class='ocrx_word' id='word_1_198' title='bbox 1588 3346 1841 3405; x_wconf 86' lang='lat' dir='ltr'>sponsus</span> <span class='ocrx_word' id='word_1_199' title='bbox 1867 3334 1927 3386; x_wconf 90' lang='lat' dir='ltr'>et</span> <span class='ocrx_word' id='word_1_200' title='bbox 1951 3346 2169 3404; x_wconf 89' lang='lat' dir='ltr'>sponsa</span> <span class='ocrx_word' id='word_1_201' title='bbox 2194 3327 2307 3385; x_wconf 89' lang='lat' dir='ltr'>rite</span> <span class='ocrx_word' id='word_1_202' title='bbox 2338 3324 2617 3402; x_wconf 88' lang='lat' dir='ltr'>inscripti</span> 
     </span>
     <span class='ocr_line' id='line_1_27' title="bbox 565 3412 2614 3488; baseline 0 -19"><span class='ocrx_word' id='word_1_203' title='bbox 565 3418 706 3471; x_wconf 89' lang='lat' dir='ltr'>sunt</span> <span class='ocrx_word' id='word_1_204' title='bbox 769 3413 830 3469; x_wconf 90' lang='lat' dir='ltr'>in</span> <span class='ocrx_word' id='word_1_205' title='bbox 899 3412 1086 3485; x_wconf 86' lang='lat' dir='ltr'>libro,</span> <span class='ocrx_word' id='word_1_206' title='bbox 1157 3414 1257 3487; x_wconf 91' lang='lat' dir='ltr'>qui</span> <span class='ocrx_word' id='word_1_207' title='bbox 1325 3415 1596 3472; x_wconf 88' lang='lat' dir='ltr'>continet</span> <span class='ocrx_word' id='word_1_208' title='bbox 1663 3416 1907 3471; x_wconf 88' lang='lat' dir='ltr'>nomina</span> <span class='ocrx_word' id='word_1_209' title='bbox 1962 3413 2231 3486; x_wconf 88' lang='lat' dir='ltr'>illorum,</span> <span class='ocrx_word' id='word_1_210' title='bbox 2284 3413 2501 3488; x_wconf 89' lang='lat' dir='ltr'>quibus</span> <span class='ocrx_word' id='word_1_211' title='bbox 2545 3412 2614 3469; x_wconf 87' lang='lat' dir='ltr'>in</span> 
     </span>
     <span class='ocr_line' id='line_1_28' title="bbox 565 3498 2615 3575; baseline 0 -20"><span class='ocrx_word' id='word_1_212' title='bbox 565 3498 767 3555; x_wconf 90' lang='lat' dir='ltr'>animo</span> <span class='ocrx_word' id='word_1_213' title='bbox 836 3503 926 3555; x_wconf 87' lang='lat' dir='ltr'>est</span> <span class='ocrx_word' id='word_1_214' title='bbox 997 3498 1160 3556; x_wconf 87' lang='lat' dir='ltr'>brevi</span> <span class='ocrx_word' id='word_1_215' title='bbox 1226 3499 1672 3556; x_wconf 86' lang='lat' dir='ltr'>matrimonium</span> <span class='ocrx_word' id='word_1_216' title='bbox 1725 3500 2100 3558; x_wconf 86' lang='lat' dir='ltr'>contrahere.</span> <span class='ocrx_word' id='word_1_217' title='bbox 2194 3498 2312 3556; x_wconf 85' lang='lat' dir='ltr'>Sed</span> <span class='ocrx_word' id='word_1_218' title='bbox 2358 3516 2615 3575; x_wconf 88' lang='lat' dir='ltr'>sponsus</span> 
     </span>
     <span class='ocr_line' id='line_1_29' title="bbox 565 3582 2619 3661; baseline 0 -21"><span class='ocrx_word' id='word_1_219' title='bbox 565 3583 796 3641; x_wconf 88' lang='lat' dir='ltr'>audivit</span> <span class='ocrx_word' id='word_1_220' title='bbox 861 3600 1116 3659; x_wconf 84' lang='lat' dir='ltr'>sponsae</span> <span class='ocrx_word' id='word_1_221' title='bbox 1160 3584 1346 3640; x_wconf 79' lang='lat' dir='ltr'>vitam</span> <span class='ocrx_word' id='word_1_222' title='bbox 1391 3602 1513 3641; x_wconf 90' lang='lat' dir='ltr'>non</span> <span class='ocrx_word' id='word_1_223' title='bbox 1559 3584 1857 3661; x_wconf 83' lang='lat' dir='ltr'>integram</span> <span class='ocrx_word' id='word_1_224' title='bbox 1905 3584 2089 3642; x_wconf 86' lang='lat' dir='ltr'>fuisse</span> <span class='ocrx_word' id='word_1_225' title='bbox 2134 3602 2451 3660; x_wconf 86' lang='lat' dir='ltr'>moresque</span> <span class='ocrx_word' id='word_1_226' title='bbox 2487 3582 2619 3641; x_wconf 86' lang='lat' dir='ltr'>eius</span> 
     </span>
     <span class='ocr_line' id='line_1_30' title="bbox 563 3668 2615 3747; baseline -0.001 -20"><span class='ocrx_word' id='word_1_227' title='bbox 563 3668 834 3727; x_wconf 89' lang='lat' dir='ltr'>mulieris</span> <span class='ocrx_word' id='word_1_228' title='bbox 903 3685 1032 3724; x_wconf 88' lang='lat' dir='ltr'>esse</span> <span class='ocrx_word' id='word_1_229' title='bbox 1090 3670 1461 3745; x_wconf 66' lang='lat' dir='ltr'>depravatos</span> <span class='ocrx_word' id='word_1_230' title='bbox 1552 3669 1763 3727; x_wconf 86' lang='lat' dir='ltr'>Noluit</span> <span class='ocrx_word' id='word_1_231' title='bbox 1809 3671 1993 3747; x_wconf 85' lang='lat' dir='ltr'>igitur</span> <span class='ocrx_word' id='word_1_232' title='bbox 2039 3670 2206 3730; x_wconf 89' lang='lat' dir='ltr'>illam</span> <span class='ocrx_word' id='word_1_233' title='bbox 2252 3688 2461 3727; x_wconf 85' lang='lat' dir='ltr'>xorem</span> <span class='ocrx_word' id='word_1_234' title='bbox 2505 3668 2615 3725; x_wconf 89' lang='lat' dir='ltr'>du-</span> 
     </span>
     <span class='ocr_line' id='line_1_31' title="bbox 565 3753 2617 3832; baseline 0 -19"><span class='ocrx_word' id='word_1_235' title='bbox 565 3772 734 3828; x_wconf 84' lang='lat' dir='ltr'>cere,</span> <span class='ocrx_word' id='word_1_236' title='bbox 781 3753 886 3811; x_wconf 88' lang='lat' dir='ltr'>sed</span> <span class='ocrx_word' id='word_1_237' title='bbox 911 3753 1200 3827; x_wconf 84' lang='lat' dir='ltr'>Susanna,</span> <span class='ocrx_word' id='word_1_238' title='bbox 1227 3755 1571 3831; x_wconf 86' lang='lat' dir='ltr'>nuptiarum</span> <span class='ocrx_word' id='word_1_239' title='bbox 1598 3761 1921 3832; x_wconf 82' lang='lat' dir='ltr'>appetenS,</span> <span class='ocrx_word' id='word_1_240' title='bbox 1954 3756 2226 3832; x_wconf 83' lang='lat' dir='ltr'>poposcit</span> <span class='ocrx_word' id='word_1_241' title='bbox 2252 3761 2315 3813; x_wconf 91' lang='lat' dir='ltr'>ut</span> <span class='ocrx_word' id='word_1_242' title='bbox 2340 3760 2617 3813; x_wconf 85' lang='lat' dir='ltr'>maneret</span> 
     </span>
     <span class='ocr_line' id='line_1_32' title="bbox 565 3840 2613 3917; baseline -0 -19"><span class='ocrx_word' id='word_1_243' title='bbox 565 3844 746 3917; x_wconf 68' lang='lat' dir='ltr'>poeta</span> <span class='ocrx_word' id='word_1_244' title='bbox 789 3840 849 3897; x_wconf 90' lang='lat' dir='ltr'>in</span> <span class='ocrx_word' id='word_1_245' title='bbox 897 3841 1173 3915; x_wconf 82' lang='lat' dir='ltr'>pactione</span> <span class='ocrx_word' id='word_1_246' title='bbox 1206 3842 1477 3917; x_wconf 88' lang='lat' dir='ltr'>nuptiali.</span> <span class='ocrx_word' id='word_1_247' title='bbox 1570 3842 1886 3899; x_wconf 88' lang='lat' dir='ltr'>Actionem</span> <span class='ocrx_word' id='word_1_248' title='bbox 1923 3842 2008 3898; x_wconf 87' lang='lat' dir='ltr'>illi</span> <span class='ocrx_word' id='word_1_249' title='bbox 2038 3842 2298 3901; x_wconf 87' lang='lat' dir='ltr'>intendit</span> <span class='ocrx_word' id='word_1_250' title='bbox 2324 3847 2385 3898; x_wconf 93' lang='lat' dir='ltr'>et</span> <span class='ocrx_word' id='word_1_251' title='bbox 2408 3840 2613 3897; x_wconf 87' lang='lat' dir='ltr'>multis</span> 
     </span>
     <span class='ocr_line' id='line_1_33' title="bbox 567 3923 2618 4000; baseline -0 -17"><span class='ocrx_word' id='word_1_252' title='bbox 567 3926 740 3983; x_wconf 88' lang='lat' dir='ltr'>annis</span> <span class='ocrx_word' id='word_1_253' title='bbox 799 3925 1129 3997; x_wconf 82' lang='lat' dir='ltr'>interiectis</span> <span class='ocrx_word' id='word_1_254' title='bbox 1209 3926 1626 3983; x_wconf 84' lang='lat' dir='ltr'>Broukhusius</span> <span class='ocrx_word' id='word_1_255' title='bbox 1693 3946 1875 3984; x_wconf 86' lang='lat' dir='ltr'>causa</span> <span class='ocrx_word' id='word_1_256' title='bbox 1919 3946 2026 3985; x_wconf 86' lang='lat' dir='ltr'>sua</span> <span class='ocrx_word' id='word_1_257' title='bbox 2071 3927 2284 3985; x_wconf 89' lang='lat' dir='ltr'>cecidit</span> <span class='ocrx_word' id='word_1_258' title='bbox 2330 3926 2491 4000; x_wconf 91' lang='lat' dir='ltr'>(vide</span> <span class='ocrx_word' id='word_1_259' title='bbox 2536 3923 2618 3982; x_wconf 86' lang='lat' dir='ltr'>ad</span> 
     </span>
     <span class='ocr_line' id='line_1_34' title="bbox 565 4010 2614 4089; baseline -0.001 -20"><span class='ocrx_word' id='word_1_260' title='bbox 565 4012 753 4089; x_wconf 83' lang='lat' dir='ltr'>Epist.</span> <span class='ocrx_word' id='word_1_261' title='bbox 800 4011 1200 4083; x_wconf 88' lang='lat' dir='ltr'>LXXXVII).</span> <span class='ocrx_word' id='word_1_262' title='bbox 1292 4012 1630 4069; x_wconf 85' lang='lat' dir='ltr'>Susannam</span> <span class='ocrx_word' id='word_1_263' title='bbox 1674 4020 1877 4071; x_wconf 89' lang='lat' dir='ltr'>tamen</span> <span class='ocrx_word' id='word_1_264' title='bbox 1917 4031 2035 4070; x_wconf 90' lang='lat' dir='ltr'>non</span> <span class='ocrx_word' id='word_1_265' title='bbox 2067 4012 2128 4069; x_wconf 88' lang='lat' dir='ltr'>in</span> <span class='ocrx_word' id='word_1_266' title='bbox 2162 4010 2614 4070; x_wconf 88' lang='lat' dir='ltr'>matrimonium</span> 
     </span>
     <span class='ocr_line' id='line_1_35' title="bbox 567 4096 2616 4157; baseline -0.001 -2"><span class='ocrx_word' id='word_1_267' title='bbox 567 4098 740 4155; x_wconf 85' lang='lat' dir='ltr'>duxit</span> <span class='ocrx_word' id='word_1_268' title='bbox 800 4106 860 4155; x_wconf 89' lang='lat' dir='ltr'>et</span> <span class='ocrx_word' id='word_1_269' title='bbox 927 4098 1166 4157; x_wconf 87' lang='lat' dir='ltr'>caelebs</span> <span class='ocrx_word' id='word_1_270' title='bbox 1226 4098 1895 4156; x_wconf 86' lang='lat' dir='ltr'>Broukhusius-noster</span> <span class='ocrx_word' id='word_1_271' title='bbox 1940 4098 2107 4156; x_wconf 91' lang='lat' dir='ltr'>obiit.</span> <span class='ocrx_word' id='word_1_272' title='bbox 2198 4098 2289 4155; x_wconf 91' lang='lat' dir='ltr'>De</span> <span class='ocrx_word' id='word_1_273' title='bbox 2334 4096 2442 4154; x_wconf 91' lang='lat' dir='ltr'>illo</span> <span class='ocrx_word' id='word_1_274' title='bbox 2490 4114 2616 4153; x_wconf 79' lang='lat' dir='ltr'>ma-</span> 
     </span>
     <span class='ocr_line' id='line_1_36' title="bbox 566 4182 2611 4259; baseline -0.003 -16"><span class='ocrx_word' id='word_1_275' title='bbox 566 4184 848 4243; x_wconf 83' lang='lat' dir='ltr'>trimonio</span> <span class='ocrx_word' id='word_1_276' title='bbox 892 4202 1015 4243; x_wconf 91' lang='lat' dir='ltr'>non</span> <span class='ocrx_word' id='word_1_277' title='bbox 1061 4189 1400 4254; x_wconf 80' lang='lat' dir='ltr'>contracte,</span> <span class='ocrx_word' id='word_1_278' title='bbox 1449 4182 1646 4258; x_wconf 85' lang='lat' dir='ltr'>deque</span> <span class='ocrx_word' id='word_1_279' title='bbox 1690 4183 1823 4256; x_wconf 87' lang='lat' dir='ltr'>lite,</span> <span class='ocrx_word' id='word_1_280' title='bbox 1858 4202 2013 4259; x_wconf 87' lang='lat' dir='ltr'>quae</span> <span class='ocrx_word' id='word_1_281' title='bbox 2046 4202 2123 4240; x_wconf 83' lang='lat' dir='ltr'>ex</span> <span class='ocrx_word' id='word_1_282' title='bbox 2154 4182 2269 4240; x_wconf 90' lang='lat' dir='ltr'>hac</span> <span class='ocrx_word' id='word_1_283' title='bbox 2300 4200 2367 4239; x_wconf 86' lang='lat' dir='ltr'>re</span> <span class='ocrx_word' id='word_1_284' title='bbox 2396 4199 2611 4257; x_wconf 87' lang='lat' dir='ltr'>seque-</span> 
     </span>
     <span class='ocr_line' id='line_1_37' title="bbox 569 4266 2609 4347; baseline -0.002 -19"><span class='ocrx_word' id='word_1_285' title='bbox 569 4271 790 4342; x_wconf 87' lang='lat' dir='ltr'>batur‚&#39;</span> <span class='ocrx_word' id='word_1_286' title='bbox 826 4276 1084 4347; x_wconf 85' lang='lat' dir='ltr'>egerunt</span> <span class='ocrx_word' id='word_1_287' title='bbox 1128 4270 1174 4325; x_wconf 92' lang='grc' dir='ltr'>Ι.</span> <span class='ocrx_word' id='word_1_288' title='bbox 1226 4270 1294 4326; x_wconf 79' lang='lat' dir='ltr'>G.</span> <span class='ocrx_word' id='word_1_289' title='bbox 1344 4268 1665 4326; x_wconf 79' lang='lat' dir='ltr'>Fredcriks</span> <span class='ocrx_word' id='word_1_290' title='bbox 1712 4269 1903 4343; x_wconf 82' lang='lat' dir='ltr'>(videz</span> <span class='ocrx_word' id='word_1_291' title='bbox 1981 4268 2067 4327; x_wconf 74' lang='lat' dir='ltr'>De</span> <span class='ocrx_word' id='word_1_292' title='bbox 2114 4266 2609 4327; x_wconf 57' lang='lat' dir='ltr'>Neela-landsche</span> 
     </span>
     <span class='ocr_line' id='line_1_38' title="bbox 572 4352 2611 4432; baseline -0.001 -20"><span class='ocrx_word' id='word_1_293' title='bbox 572 4355 924 4432; x_wconf 77' lang='lat' dir='ltr'>Spectator,</span> <span class='ocrx_word' id='word_1_294' title='bbox 977 4358 1168 4429; x_wconf 82' lang='lat'>1887,</span> <span class='ocrx_word' id='word_1_295' title='bbox 1223 4373 1358 4431; x_wconf 84' lang='lat' dir='ltr'>pag.</span> <span class='ocrx_word' id='word_1_296' title='bbox 1411 4356 1575 4427; x_wconf 84' lang='lat'>427),</span> <span class='ocrx_word' id='word_1_297' title='bbox 1626 4360 1684 4411; x_wconf 92' lang='lat' dir='ltr'>ct</span> <span class='ocrx_word' id='word_1_298' title='bbox 1730 4355 1783 4412; x_wconf 88' lang='lat' dir='ltr'>J.</span> <span class='ocrx_word' id='word_1_299' title='bbox 1835 4373 1949 4411; x_wconf 87' lang='lat' dir='ltr'>van</span> <span class='ocrx_word' id='word_1_300' title='bbox 1995 4354 2216 4417; x_wconf 84' lang='lat' dir='ltr'>Vloten</span> <span class='ocrx_word' id='word_1_301' title='bbox 2264 4352 2611 4428; x_wconf 83' lang='lat' dir='ltr'>(l.l.,1881,</span> 
     </span>
     <span class='ocr_line' id='line_1_39' title="bbox 568 4442 924 4525; baseline -0.008 -24"><span class='ocrx_word' id='word_1_302' title='bbox 568 4460 706 4525; x_wconf 86' lang='lat' dir='ltr'>pag.</span> <span class='ocrx_word' id='word_1_303' title='bbox 758 4442 924 4521; x_wconf 83' lang='lat'>403).</span> 
     </span>
    </p>
   </div>
   <div class='ocr_carea' id='block_1_7' title="bbox 1227 4468 2927 5177">
    <p class='ocr_par' dir='ltr' id='par_1_8' title="bbox 1227 4468 2927 5177">
     <span class='ocr_line' id='line_1_40' title="bbox 1227 4468 2927 5177; baseline 0 32"><span class='ocrx_word' id='word_1_304' title='bbox 1227 4468 2927 5177; x_wconf 95' lang='lat' dir='ltr'> </span> 
     </span>
    </p>
   </div>
  </div>
 </body>
</html>
