<?xml version="1.0" encoding="UTF-8"?>
<!DOCTYPE html PUBLIC "-//W3C//DTD XHTML 1.0 Transitional//EN"
    "http://www.w3.org/TR/xhtml1/DTD/xhtml1-transitional.dtd">
<html xmlns="http://www.w3.org/1999/xhtml" xml:lang="en" lang="en">
 <head>
  <title>
</title>
<meta http-equiv="Content-Type" content="text/html;charset=utf-8" />
  <meta name='ocr-system' content='tesseract 3.04.00' />
  <meta name='ocr-capabilities' content='ocr_page ocr_carea ocr_par ocr_line ocrx_word'/>
</head>
<body>
  <div class='ocr_page' id='page_1' title='image "./epistolaeselect00worpgoog_0122.png"; bbox 0 0 2975 5209; ppageno 0'>
   <div class='ocr_carea' id='block_1_1' title="bbox 1546 477 1675 539">
    <p class='ocr_par' dir='ltr' id='par_1_1' title="bbox 1546 477 1675 539">
     <span class='ocr_line' id='line_1_1' title="bbox 1546 477 1675 539; baseline 0 -1"><span class='ocrx_word' id='word_1_1' title='bbox 1546 477 1675 539; x_wconf 88' lang='grc'>108</span> 
     </span>
    </p>
   </div>
   <div class='ocr_carea' id='block_1_2' title="bbox 505 671 2644 1116">
    <p class='ocr_par' dir='ltr' id='par_1_2' title="bbox 505 671 2644 1116">
     <span class='ocr_line' id='line_1_2' title="bbox 592 671 2643 758; baseline -0.001 -22"><span class='ocrx_word' id='word_1_2' title='bbox 592 671 980 758; x_wconf 83' lang='lat' dir='ltr'>„Elegantes</span> <span class='ocrx_word' id='word_1_3' title='bbox 1049 672 1278 758; x_wconf 88' lang='lat' dir='ltr'>ingenij</span> <span class='ocrx_word' id='word_1_4' title='bbox 1354 673 1439 736; x_wconf 86' lang='lat' dir='ltr'>tui</span> <span class='ocrx_word' id='word_1_5' title='bbox 1512 672 1713 737; x_wconf 85' lang='lat' dir='ltr'>foetus</span> <span class='ocrx_word' id='word_1_6' title='bbox 1788 694 1940 758; x_wconf 88' lang='lat' dir='ltr'>quos</span> <span class='ocrx_word' id='word_1_7' title='bbox 2012 673 2162 736; x_wconf 90' lang='lat' dir='ltr'>mihi</span> <span class='ocrx_word' id='word_1_8' title='bbox 2234 671 2457 734; x_wconf 86' lang='lat' dir='ltr'>misisti</span> <span class='ocrx_word' id='word_1_9' title='bbox 2516 671 2643 755; x_wconf 84' lang='lat' dir='ltr'>legi</span> 
     </span>
     <span class='ocr_line' id='line_1_3' title="bbox 505 791 2644 879; baseline -0.003 -21"><span class='ocrx_word' id='word_1_10' title='bbox 505 867 514 874; x_wconf 42' lang='lat'><strong><em>‚</em></strong></span> <span class='ocrx_word' id='word_1_11' title='bbox 585 815 815 878; x_wconf 86' lang='lat' dir='ltr'>magna</span> <span class='ocrx_word' id='word_1_12' title='bbox 891 815 1030 856; x_wconf 91' lang='lat' dir='ltr'>cum</span> <span class='ocrx_word' id='word_1_13' title='bbox 1105 794 1464 879; x_wconf 82' lang='lat' dir='ltr'>voluptate,</span> <span class='ocrx_word' id='word_1_14' title='bbox 1530 798 1714 878; x_wconf 88' lang='lat' dir='ltr'>teque</span> <span class='ocrx_word' id='word_1_15' title='bbox 1762 814 1918 878; x_wconf 87' lang='lat' dir='ltr'>rogo</span> <span class='ocrx_word' id='word_1_16' title='bbox 1966 800 2033 855; x_wconf 87' lang='lat' dir='ltr'>ut</span> <span class='ocrx_word' id='word_1_17' title='bbox 2082 793 2179 854; x_wconf 89' lang='lat' dir='ltr'>his</span> <span class='ocrx_word' id='word_1_18' title='bbox 2228 792 2345 854; x_wconf 92' lang='lat' dir='ltr'>tuis</span> <span class='ocrx_word' id='word_1_19' title='bbox 2398 791 2644 874; x_wconf 87' lang='lat' dir='ltr'>delicijs</span> 
     </span>
     <span class='ocr_line' id='line_1_4' title="bbox 596 908 2643 997; baseline -0.001 -24"><span class='ocrx_word' id='word_1_20' title='bbox 596 932 845 997; x_wconf 80' lang='lat' dir='ltr'>semper</span> <span class='ocrx_word' id='word_1_21' title='bbox 916 932 1018 974; x_wconf 92' lang='lat' dir='ltr'>me</span> <span class='ocrx_word' id='word_1_22' title='bbox 1091 911 1359 996; x_wconf 85' lang='lat' dir='ltr'>digneris</span> <span class='ocrx_word' id='word_1_23' title='bbox 1432 913 1703 976; x_wconf 82' lang='lat' dir='ltr'>excitare</span> <span class='ocrx_word' id='word_1_24' title='bbox 1776 934 1849 976; x_wconf 89' lang='lat' dir='ltr'>ac</span> <span class='ocrx_word' id='word_1_25' title='bbox 1926 911 2244 975; x_wconf 85' lang='lat' dir='ltr'>reficere&#39;’.</span> <span class='ocrx_word' id='word_1_26' title='bbox 2331 949 2419 958; x_wconf 93' lang='grc'><strong>-</strong></span> <span class='ocrx_word' id='word_1_27' title='bbox 2473 908 2643 972; x_wconf 85' lang='lat' dir='ltr'>Num</span> 
     </span>
     <span class='ocr_line' id='line_1_5' title="bbox 603 1001 1921 1116; baseline 0.002 -22"><span class='ocrx_word' id='word_1_28' title='bbox 603 1001 968 1116; x_wconf 78' lang='lat' dir='ltr'>Propertius</span> <span class='ocrx_word' id='word_1_29' title='bbox 1015 1030 1188 1096; x_wconf 88' lang='lat' dir='ltr'>brevi</span> <span class='ocrx_word' id='word_1_30' title='bbox 1238 1031 1479 1096; x_wconf 87' lang='lat' dir='ltr'>visurus</span> <span class='ocrx_word' id='word_1_31' title='bbox 1532 1039 1624 1096; x_wconf 88' lang='lat' dir='ltr'>est</span> <span class='ocrx_word' id='word_1_32' title='bbox 1670 1033 1921 1096; x_wconf 79' lang='lat' dir='ltr'>lucem?</span> 
     </span>
    </p>
   </div>
   <div class='ocr_carea' id='block_1_3' title="bbox 683 1148 2217 1238">
    <p class='ocr_par' dir='ltr' id='par_1_3' title="bbox 683 1148 2217 1238">
     <span class='ocr_line' id='line_1_6' title="bbox 683 1148 2217 1238; baseline 0 -24"><span class='ocrx_word' id='word_1_33' title='bbox 683 1149 893 1214; x_wconf 85' lang='lat' dir='ltr'>Gron:</span> <span class='ocrx_word' id='word_1_34' title='bbox 945 1151 1006 1214; x_wconf 91' lang='lat' dir='ltr'>in</span> <span class='ocrx_word' id='word_1_35' title='bbox 1055 1151 1296 1238; x_wconf 84' lang='lat' dir='ltr'>Frisijs.</span> <span class='ocrx_word' id='word_1_36' title='bbox 1349 1151 1463 1216; x_wconf 88' lang='lat' dir='ltr'>XI.</span> <span class='ocrx_word' id='word_1_37' title='bbox 1517 1151 1665 1236; x_wconf 81' lang='lat' dir='ltr'>Maij</span> <span class='ocrx_word' id='word_1_38' title='bbox 1698 1148 2217 1216; x_wconf 83' lang='lat' dir='ltr'>OlOIOCXCIlI.</span> 
     </span>
    </p>
   </div>
   <div class='ocr_carea' id='block_1_4' title="bbox 1528 1393 1712 1475">
    <p class='ocr_par' dir='ltr' id='par_1_4' title="bbox 1528 1393 1712 1475">
     <span class='ocr_line' id='line_1_7' title="bbox 1528 1393 1712 1475; baseline -0.005 -20"><span class='ocrx_word' id='word_1_39' title='bbox 1528 1395 1615 1456; x_wconf 86' lang='lat'>90</span> <span class='ocrx_word' id='word_1_40' title='bbox 1652 1393 1712 1475; x_wconf 64' lang='grc' dir='ltr'>ι).</span> 
     </span>
    </p>
   </div>
   <div class='ocr_carea' id='block_1_5' title="bbox 1151 1559 2071 1764">
    <p class='ocr_par' dir='ltr' id='par_1_5' title="bbox 1151 1559 2071 1764">
     <span class='ocr_line' id='line_1_8' title="bbox 1355 1559 1891 1622; baseline 0 0"><span class='ocrx_word' id='word_1_41' title='bbox 1355 1559 1493 1622; x_wconf 79' lang='lat' dir='ltr'>lano</span> <span class='ocrx_word' id='word_1_42' title='bbox 1540 1559 1891 1622; x_wconf 75' lang='lat' dir='ltr'>Broukhusio</span> 
     </span>
     <span class='ocr_line' id='line_1_9' title="bbox 1151 1669 2071 1764; baseline 0.002 -32"><span class='ocrx_word' id='word_1_43' title='bbox 1151 1669 1410 1733; x_wconf 70' lang='lat' dir='ltr'>‚loannes</span> <span class='ocrx_word' id='word_1_44' title='bbox 1457 1669 1734 1752; x_wconf 77' lang='lat' dir='ltr'>Georqius</span> <span class='ocrx_word' id='word_1_45' title='bbox 1779 1669 2071 1764; x_wconf 70' lang='lat' dir='ltr'>Graevius.</span> 
     </span>
    </p>
   </div>
   <div class='ocr_carea' id='block_1_6' title="bbox 597 1807 2728 3229">
    <p class='ocr_par' dir='ltr' id='par_1_6' title="bbox 597 1807 2728 3229">
     <span class='ocr_line' id='line_1_10' title="bbox 717 1807 2651 1913; baseline 0 -23"><span class='ocrx_word' id='word_1_46' title='bbox 717 1825 916 1908; x_wconf 84' lang='lat' dir='ltr'>„Tam</span> <span class='ocrx_word' id='word_1_47' title='bbox 991 1828 1158 1891; x_wconf 86' lang='lat' dir='ltr'>laute</span> <span class='ocrx_word' id='word_1_48' title='bbox 1231 1835 1291 1892; x_wconf 87' lang='lat' dir='ltr'>et</span> <span class='ocrx_word' id='word_1_49' title='bbox 1357 1829 1628 1894; x_wconf 79' lang='lat' dir='ltr'><strong>suaviter</strong></span> <span class='ocrx_word' id='word_1_50' title='bbox 1698 1851 1841 1894; x_wconf 90' lang='lat' dir='ltr'>nos·</span> <span class='ocrx_word' id='word_1_51' title='bbox 1884 1807 2185 1913; x_wconf 54' lang='lat' dir='ltr'>encepisti</span> <span class='ocrx_word' id='word_1_52' title='bbox 2219 1829 2289 1910; x_wconf 84' lang='lat'>2),</span> <span class='ocrx_word' id='word_1_53' title='bbox 2341 1833 2408 1888; x_wconf 87' lang='lat' dir='ltr'>ut</span> <span class='ocrx_word' id='word_1_54' title='bbox 2458 1815 2651 1890; x_wconf 84' lang='lat' dir='ltr'>etiain</span> 
     </span>
     <span class='ocr_line' id='line_1_11' title="bbox 611 1945 2643 2031; baseline -0.001 -21"><span class='ocrx_word' id='word_1_55' title='bbox 611 1967 768 2010; x_wconf 89' lang='lat' dir='ltr'>nunc</span> <span class='ocrx_word' id='word_1_56' title='bbox 853 1946 1017 2010; x_wconf 88' lang='lat' dir='ltr'>illius</span> <span class='ocrx_word' id='word_1_57' title='bbox 1083 1948 1486 2031; x_wconf 89' lang='lat' dir='ltr'>jucunditatis</span> <span class='ocrx_word' id='word_1_58' title='bbox 1560 1951 1862 2012; x_wconf 85' lang='lat' dir='ltr'>memoria</span> <span class='ocrx_word' id='word_1_59' title='bbox 1928 1970 2028 2011; x_wconf 93' lang='lat' dir='ltr'>me</span> <span class='ocrx_word' id='word_1_60' title='bbox 2078 1945 2456 2012; x_wconf 87' lang='lat' dir='ltr'>oblectem.&#39;&#39;</span> <span class='ocrx_word' id='word_1_61' title='bbox 2491 1997 2504 2010; x_wconf 91' lang='lat'><em>.</em></span> <span class='ocrx_word' id='word_1_62' title='bbox 2540 1996 2555 2008; x_wconf 91' lang='lat'><strong>.</strong></span> <span class='ocrx_word' id='word_1_63' title='bbox 2584 1996 2643 2009; x_wconf 93' lang='lat'>..</span> 
     </span>
     <span class='ocr_line' id='line_1_12' title="bbox 603 2063 2649 2146; baseline 0 -19"><span class='ocrx_word' id='word_1_64' title='bbox 603 2063 748 2146; x_wconf 87' lang='lat' dir='ltr'>„Ab</span> <span class='ocrx_word' id='word_1_65' title='bbox 821 2067 1052 2130; x_wconf 89' lang='lat' dir='ltr'>Illustri</span> <span class='ocrx_word' id='word_1_66' title='bbox 1119 2067 1350 2132; x_wconf 85' lang='lat' dir='ltr'>Huetio</span> <span class='ocrx_word' id='word_1_67' title='bbox 1401 2068 1635 2132; x_wconf 78' lang='lat' dir='ltr'>litteras</span> <span class='ocrx_word' id='word_1_68' title='bbox 1683 2069 1892 2132; x_wconf 90' lang='lat' dir='ltr'>habui.</span> <span class='ocrx_word' id='word_1_69' title='bbox 1992 2068 2054 2131; x_wconf 93' lang='lat' dir='ltr'>Is</span> <span class='ocrx_word' id='word_1_70' title='bbox 2104 2068 2182 2131; x_wconf 87' lang='lat' dir='ltr'>de</span> <span class='ocrx_word' id='word_1_71' title='bbox 2230 2067 2457 2130; x_wconf 86' lang='lat' dir='ltr'>Latina</span> <span class='ocrx_word' id='word_1_72' title='bbox 2510 2087 2649 2130; x_wconf 88' lang='lat' dir='ltr'>ver-</span> 
     </span>
     <span class='ocr_line' id='line_1_13' title="bbox 599 2185 2653 2271; baseline 0 -25"><span class='ocrx_word' id='word_1_73' title='bbox 599 2185 771 2249; x_wconf 81' lang='lat' dir='ltr'>sione</span> <span class='ocrx_word' id='word_1_74' title='bbox 842 2185 1007 2248; x_wconf 90' lang='lat' dir='ltr'>illius</span> <span class='ocrx_word' id='word_1_75' title='bbox 1065 2187 1347 2271; x_wconf 80' lang='lat' dir='ltr'>opusculi</span> <span class='ocrx_word' id='word_1_76' title='bbox 1415 2187 1573 2250; x_wconf 89' lang='lat' dir='ltr'>haec</span> <span class='ocrx_word' id='word_1_77' title='bbox 1623 2187 1701 2250; x_wconf 86' lang='lat' dir='ltr'>ad</span> <span class='ocrx_word' id='word_1_78' title='bbox 1750 2208 1892 2251; x_wconf 92' lang='lat' dir='ltr'>me:</span> <span class='ocrx_word' id='word_1_79' title='bbox 1996 2186 2180 2260; x_wconf 80' lang='lat' dir='ltr'>Quod</span> <span class='ocrx_word' id='word_1_80' title='bbox 2230 2185 2309 2249; x_wconf 87' lang='lat' dir='ltr'>ad</span> <span class='ocrx_word' id='word_1_81' title='bbox 2358 2185 2653 2248; x_wconf 82' lang='lat' dir='ltr'>Latinam</span> 
     </span>
     <span class='ocr_line' id='line_1_14' title="bbox 597 2305 2649 2393; baseline 0 -25"><span class='ocrx_word' id='word_1_82' title='bbox 597 2305 1164 2390; x_wconf 79' lang='lat' dir='ltr'>interpretationem</span> <span class='ocrx_word' id='word_1_83' title='bbox 1215 2308 1454 2391; x_wconf 79' lang='lat' dir='ltr'>attinet,</span> <span class='ocrx_word' id='word_1_84' title='bbox 1516 2309 1691 2392; x_wconf 87' lang='lat' dir='ltr'>eujus</span> <span class='ocrx_word' id='word_1_85' title='bbox 1742 2309 2054 2393; x_wconf 78' lang='lat' dir='ltr'>specimen</span> <span class='ocrx_word' id='word_1_86' title='bbox 2107 2306 2187 2371; x_wconf 90' lang='lat' dir='ltr'>ad</span> <span class='ocrx_word' id='word_1_87' title='bbox 2238 2327 2337 2370; x_wconf 91' lang='lat' dir='ltr'>me</span> <span class='ocrx_word' id='word_1_88' title='bbox 2386 2306 2649 2389; x_wconf 84' lang='lat' dir='ltr'>misisti,</span> 
     </span>
     <span class='ocr_line' id='line_1_15' title="bbox 605 2425 2655 2513; baseline -0 -25"><span class='ocrx_word' id='word_1_89' title='bbox 605 2425 720 2488; x_wconf 87' lang='lat' dir='ltr'>etsi</span> <span class='ocrx_word' id='word_1_90' title='bbox 797 2445 984 2510; x_wconf 82' lang='lat' dir='ltr'>aegre</span> <span class='ocrx_word' id='word_1_91' title='bbox 1033 2425 1194 2490; x_wconf 86' lang='lat' dir='ltr'>ferre</span> <span class='ocrx_word' id='word_1_92' title='bbox 1245 2447 1364 2489; x_wconf 92' lang='lat' dir='ltr'>non</span> <span class='ocrx_word' id='word_1_93' title='bbox 1417 2428 1653 2511; x_wconf 88' lang='lat' dir='ltr'>possim</span> <span class='ocrx_word' id='word_1_94' title='bbox 1702 2449 1777 2491; x_wconf 89' lang='lat' dir='ltr'>ea</span> <span class='ocrx_word' id='word_1_95' title='bbox 1824 2428 2169 2513; x_wconf 82' lang='lat' dir='ltr'>publicari,</span> <span class='ocrx_word' id='word_1_96' title='bbox 2242 2447 2400 2511; x_wconf 87' lang='lat' dir='ltr'>quae</span> <span class='ocrx_word' id='word_1_97' title='bbox 2448 2425 2655 2488; x_wconf 88' lang='lat' dir='ltr'>homi-</span> 
     </span>
     <span class='ocr_line' id='line_1_16' title="bbox 599 2543 2657 2629; baseline 0 -24"><span class='ocrx_word' id='word_1_98' title='bbox 599 2563 746 2606; x_wconf 88' lang='lat' dir='ltr'>num</span> <span class='ocrx_word' id='word_1_99' title='bbox 833 2543 1116 2608; x_wconf 77' lang='lat' dir='ltr'>indoctae</span> <span class='ocrx_word' id='word_1_100' title='bbox 1197 2545 1413 2629; x_wconf 77' lang='lat' dir='ltr'>huiuS,</span> <span class='ocrx_word' id='word_1_101' title='bbox 1497 2548 1813 2610; x_wconf 82' lang='lat' dir='ltr'>insolentis</span> <span class='ocrx_word' id='word_1_102' title='bbox 1892 2554 1954 2611; x_wconf 89' lang='lat' dir='ltr'>et</span> <span class='ocrx_word' id='word_1_103' title='bbox 2024 2547 2293 2609; x_wconf 81' lang='lat' dir='ltr'>insulsae</span> <span class='ocrx_word' id='word_1_104' title='bbox 2365 2545 2657 2608; x_wconf 80' lang='lat' dir='ltr'>factionis</span> 
     </span>
     <span class='ocr_line' id='line_1_17' title="bbox 603 2664 2654 2748; baseline -0 -22"><span class='ocrx_word' id='word_1_105' title='bbox 603 2670 784 2726; x_wconf 85' lang='lat' dir='ltr'>urant</span> <span class='ocrx_word' id='word_1_106' title='bbox 834 2664 1088 2748; x_wconf 84' lang='lat' dir='ltr'>oculos,</span> <span class='ocrx_word' id='word_1_107' title='bbox 1143 2671 1204 2728; x_wconf 95' lang='lat' dir='ltr'>et</span> <span class='ocrx_word' id='word_1_108' title='bbox 1243 2667 1694 2729; x_wconf 89' lang='lat' dir='ltr'>contumaciam</span> <span class='ocrx_word' id='word_1_109' title='bbox 1735 2665 2137 2746; x_wconf 75' lang='lat' dir='ltr'>contundam,</span> <span class='ocrx_word' id='word_1_110' title='bbox 2190 2685 2410 2728; x_wconf 87' lang='lat' dir='ltr'>vereor</span> <span class='ocrx_word' id='word_1_111' title='bbox 2444 2670 2654 2726; x_wconf 84' lang='lat' dir='ltr'>tamen</span> 
     </span>
     <span class='ocr_line' id='line_1_18' title="bbox 601 2783 2655 2871; baseline -0 -25"><span class='ocrx_word' id='word_1_112' title='bbox 601 2787 672 2846; x_wconf 92' lang='lat' dir='ltr'>ut</span> <span class='ocrx_word' id='word_1_113' title='bbox 743 2789 1040 2846; x_wconf 85' lang='lat' dir='ltr'>extranea</span> <span class='ocrx_word' id='word_1_114' title='bbox 1098 2784 1307 2868; x_wconf 87' lang='lat' dir='ltr'>lingua</span> <span class='ocrx_word' id='word_1_115' title='bbox 1357 2787 1757 2849; x_wconf 85' lang='lat' dir='ltr'>vernaculum</span> <span class='ocrx_word' id='word_1_116' title='bbox 1806 2807 2091 2871; x_wconf 92' lang='lat' dir='ltr'>saporem</span> <span class='ocrx_word' id='word_1_117' title='bbox 2144 2792 2205 2848; x_wconf 90' lang='lat' dir='ltr'>et</span> <span class='ocrx_word' id='word_1_118' title='bbox 2251 2783 2655 2848; x_wconf 83' lang='lat' dir='ltr'>festivitatem</span> 
     </span>
     <span class='ocr_line' id='line_1_19' title="bbox 603 2901 2657 2990; baseline 0 -26"><span class='ocrx_word' id='word_1_119' title='bbox 603 2901 968 2967; x_wconf 85' lang='lat' dir='ltr'>retineat.&#39;&#39;.</span> <span class='ocrx_word' id='word_1_120' title='bbox 999 2951 1014 2962; x_wconf 93' lang='lat'><strong>.</strong></span> <span class='ocrx_word' id='word_1_121' title='bbox 1217 2903 1484 2969; x_wconf 88' lang='lat' dir='ltr'>Huetius</span> <span class='ocrx_word' id='word_1_122' title='bbox 1544 2905 1786 2990; x_wconf 84' lang='lat' dir='ltr'>scripsit</span> <span class='ocrx_word' id='word_1_123' title='bbox 1843 2904 2288 2968; x_wconf 79' lang='lat' dir='ltr'>bibliothecam</span> <span class='ocrx_word' id='word_1_124' title='bbox 2339 2924 2515 2966; x_wconf 90' lang='lat' dir='ltr'>suam</span> <span class='ocrx_word' id='word_1_125' title='bbox 2567 2904 2657 2966; x_wconf 89' lang='lat' dir='ltr'>in-</span> 
     </span>
     <span class='ocr_line' id='line_1_20' title="bbox 609 3007 2728 3109; baseline 0.001 -25"><span class='ocrx_word' id='word_1_126' title='bbox 609 3021 827 3085; x_wconf 90' lang='lat' dir='ltr'>cendio</span> <span class='ocrx_word' id='word_1_127' title='bbox 907 3043 1044 3086; x_wconf 91' lang='lat' dir='ltr'>esse</span> <span class='ocrx_word' id='word_1_128' title='bbox 1127 3022 1395 3088; x_wconf 89' lang='lat' dir='ltr'>deletam</span> <span class='ocrx_word' id='word_1_129' title='bbox 1447 3075 1717 3102; x_wconf 91' lang='lat'><strong><em>.....</em></strong></span> <span class='ocrx_word' id='word_1_130' title='bbox 1725 3023 1912 3088; x_wconf 85' lang='lat' dir='ltr'>Brevi</span> <span class='ocrx_word' id='word_1_131' title='bbox 1964 3024 2126 3087; x_wconf 89' lang='lat' dir='ltr'>dabo</span> <span class='ocrx_word' id='word_1_132' title='bbox 2184 3024 2418 3109; x_wconf 91' lang='lat' dir='ltr'>aliquot</span> <span class='ocrx_word' id='word_1_133' title='bbox 2464 3023 2655 3088; x_wconf 88' lang='lat' dir='ltr'>horas</span> <span class='ocrx_word' id='word_1_134' title='bbox 2722 3007 2728 3012; x_wconf 39' lang='lat'>⁵</span> 
     </span>
     <span class='ocr_line' id='line_1_21' title="bbox 608 3141 1553 3229; baseline 0.006 -25"><span class='ocrx_word' id='word_1_135' title='bbox 608 3141 952 3205; x_wconf 86' lang='lat' dir='ltr'>subsicivas</span> <span class='ocrx_word' id='word_1_136' title='bbox 1002 3151 1106 3208; x_wconf 91' lang='lat' dir='ltr'>tuo</span> <span class='ocrx_word' id='word_1_137' title='bbox 1158 3143 1553 3229; x_wconf 85' lang='lat' dir='ltr'>Properti0.’&#39;</span> 
     </span>
    </p>
   </div>
   <div class='ocr_carea' id='block_1_7' title="bbox 703 3259 2650 3350">
    <p class='ocr_par' dir='ltr' id='par_1_7' title="bbox 703 3259 2650 3350">
     <span class='ocr_line' id='line_1_22' title="bbox 703 3259 2650 3350; baseline 0.001 -26"><span class='ocrx_word' id='word_1_138' title='bbox 703 3260 993 3346; x_wconf 83' lang='lat' dir='ltr'>Trajecti.</span> <span class='ocrx_word' id='word_1_139' title='bbox 1089 3263 1306 3327; x_wconf 89' lang='lat' dir='ltr'>Idibus</span> <span class='ocrx_word' id='word_1_140' title='bbox 1378 3263 1631 3328; x_wconf 80' lang='lat' dir='ltr'>Sextilis</span> <span class='ocrx_word' id='word_1_141' title='bbox 1666 3265 2074 3350; x_wconf 86' lang='lat' dir='ltr'>Dionysiacis</span> <span class='ocrx_word' id='word_1_142' title='bbox 2124 3259 2650 3328; x_wconf 75' lang='lat' dir='ltr'>OIOIOOXOIM.</span> 
     </span>
    </p>
   </div>
   <div class='ocr_carea' id='block_1_8' title="bbox 1425 3411 1833 3426">
    <p class='ocr_par' dir='ltr' id='par_1_8' title="bbox 1425 3411 1833 3426">
     <span class='ocr_line' id='line_1_23' title="bbox 1425 3411 1833 3426; baseline -0.002 0"><span class='ocrx_word' id='word_1_143' title='bbox 1425 3411 1833 3426; x_wconf 54' lang='grc' dir='ltr'>ΜΦἉᾺΜΛΝΣΡ-ΓΛ</span> 
     </span>
    </p>
   </div>
   <div class='ocr_carea' id='block_1_9' title="bbox 1542 3511 1709 3575">
    <p class='ocr_par' dir='ltr' id='par_1_9' title="bbox 1542 3511 1709 3575">
     <span class='ocr_line' id='line_1_24' title="bbox 1542 3511 1709 3575; baseline 0.006 -1"><span class='ocrx_word' id='word_1_144' title='bbox 1542 3511 1709 3575; x_wconf 82' lang='grc' dir='ltr'><strong>ΧΟΙ.</strong></span> 
     </span>
    </p>
   </div>
   <div class='ocr_carea' id='block_1_10' title="bbox 1285 3650 2056 3826">
    <p class='ocr_par' dir='ltr' id='par_1_10' title="bbox 1285 3650 2056 3826">
     <span class='ocr_line' id='line_1_25' title="bbox 1285 3650 2056 3734; baseline 0 -20"><span class='ocrx_word' id='word_1_145' title='bbox 1285 3651 1474 3714; x_wconf 84' lang='lat' dir='ltr'>loanni</span> <span class='ocrx_word' id='word_1_146' title='bbox 1524 3650 1767 3734; x_wconf 76' lang='lat' dir='ltr'>Georqto</span> <span class='ocrx_word' id='word_1_147' title='bbox 1816 3651 2056 3715; x_wconf 78' lang='lat' dir='ltr'>Graevio</span> 
     </span>
     <span class='ocr_line' id='line_1_26' title="bbox 1316 3762 1949 3826; baseline 0 -2"><span class='ocrx_word' id='word_1_148' title='bbox 1316 3763 1502 3825; x_wconf 80' lang='lat' dir='ltr'>¹lanus</span> <span class='ocrx_word' id='word_1_149' title='bbox 1550 3762 1949 3826; x_wconf 84' lang='lat' dir='ltr'>Broukhusius.</span> 
     </span>
    </p>
   </div>
   <div class='ocr_carea' id='block_1_11' title="bbox 610 3900 2657 4227">
    <p class='ocr_par' dir='ltr' id='par_1_11' title="bbox 610 3900 2657 4227">
     <span class='ocr_line' id='line_1_27' title="bbox 706 3900 2657 3987; baseline -0.001 -22"><span class='ocrx_word' id='word_1_150' title='bbox 706 3900 1009 3965; x_wconf 86' lang='lat' dir='ltr'>Omnibus</span> <span class='ocrx_word' id='word_1_151' title='bbox 1085 3903 1329 3966; x_wconf 87' lang='lat' dir='ltr'>laetitiis</span> <span class='ocrx_word' id='word_1_152' title='bbox 1403 3903 1667 3986; x_wconf 82' lang='lat' dir='ltr'>incedO,</span> <span class='ocrx_word' id='word_1_153' title='bbox 1745 3903 1829 3965; x_wconf 91' lang='lat' dir='ltr'>mi</span> <span class='ocrx_word' id='word_1_154' title='bbox 1877 3902 2098 3985; x_wconf 85' lang='lat' dir='ltr'>Pater,</span> <span class='ocrx_word' id='word_1_155' title='bbox 2150 3907 2480 3987; x_wconf 83' lang='lat' dir='ltr'>postquam</span> <span class='ocrx_word' id='word_1_156' title='bbox 2531 3901 2657 3965; x_wconf 84' lang='lat' dir='ltr'>vidi</span> 
     </span>
     <span class='ocr_line' id='line_1_28' title="bbox 610 4020 2657 4107; baseline 0 -23"><span class='ocrx_word' id='word_1_157' title='bbox 610 4027 670 4084; x_wconf 89' lang='lat' dir='ltr'>te</span> <span class='ocrx_word' id='word_1_158' title='bbox 736 4021 904 4084; x_wconf 84' lang='lat' dir='ltr'>velle</span> <span class='ocrx_word' id='word_1_159' title='bbox 952 4020 1012 4083; x_wconf 91' lang='lat' dir='ltr'>in</span> <span class='ocrx_word' id='word_1_160' title='bbox 1065 4028 1308 4107; x_wconf 87' lang='lat' dir='ltr'>partem</span> <span class='ocrx_word' id='word_1_161' title='bbox 1355 4022 1581 4105; x_wconf 88' lang='lat' dir='ltr'>juvare</span> <span class='ocrx_word' id='word_1_162' title='bbox 1632 4044 1887 4107; x_wconf 87' lang='lat' dir='ltr'>operam</span> <span class='ocrx_word' id='word_1_163' title='bbox 1935 4023 2105 4085; x_wconf 90' lang='lat' dir='ltr'>illam</span> <span class='ocrx_word' id='word_1_164' title='bbox 2159 4043 2341 4107; x_wconf 87' lang='lat' dir='ltr'>quam</span> <span class='ocrx_word' id='word_1_165' title='bbox 2394 4022 2451 4084; x_wconf 93' lang='lat' dir='ltr'>in</span> <span class='ocrx_word' id='word_1_166' title='bbox 2501 4021 2657 4085; x_wconf 87' lang='lat' dir='ltr'>Pro-</span> 
     </span>
     <span class='ocr_line' id='line_1_29' title="bbox 610 4139 2655 4227; baseline 0.001 -25"><span class='ocrx_word' id='word_1_167' title='bbox 610 4139 876 4224; x_wconf 89' lang='lat' dir='ltr'>pertium</span> <span class='ocrx_word' id='word_1_168' title='bbox 950 4139 1209 4204; x_wconf 88' lang='lat' dir='ltr'>insumo.</span> <span class='ocrx_word' id='word_1_169' title='bbox 1313 4139 1485 4225; x_wconf 87' lang='lat' dir='ltr'>Vrge</span> <span class='ocrx_word' id='word_1_170' title='bbox 1561 4153 1791 4226; x_wconf 84' lang='lat' dir='ltr'>quaeso</span> <span class='ocrx_word' id='word_1_171' title='bbox 1865 4142 2324 4227; x_wconf 87' lang='lat' dir='ltr'>praepositum,</span> <span class='ocrx_word' id='word_1_172' title='bbox 2378 4148 2439 4204; x_wconf 90' lang='lat' dir='ltr'>et</span> <span class='ocrx_word' id='word_1_173' title='bbox 2486 4147 2655 4204; x_wconf 85' lang='lat' dir='ltr'>tanto</span> 
     </span>
    </p>
   </div>
   <div class='ocr_carea' id='block_1_12' title="bbox 615 4263 1020 4270">
    <p class='ocr_par' dir='ltr' id='par_1_12' title="bbox 615 4263 1020 4270">
     <span class='ocr_line' id='line_1_30' title="bbox 615 4263 1020 4270; baseline 0 0"><span class='ocrx_word' id='word_1_174' title='bbox 615 4263 1020 4270; x_wconf 95' lang='lat' dir='ltr'> </span> 
     </span>
    </p>
   </div>
   <div class='ocr_carea' id='block_1_13' title="bbox 612 4299 2655 4561">
    <p class='ocr_par' dir='ltr' id='par_1_13' title="bbox 612 4299 2655 4561">
     <span class='ocr_line' id='line_1_31' title="bbox 710 4299 1791 4388; baseline -0.001 -21"><span class='ocrx_word' id='word_1_175' title='bbox 710 4308 750 4383; x_wconf 90' lang='lat'>¹)</span> <span class='ocrx_word' id='word_1_176' title='bbox 837 4311 911 4368; x_wconf 90' lang='lat' dir='ltr'>In</span> <span class='ocrx_word' id='word_1_177' title='bbox 954 4299 1338 4370; x_wconf 74' lang='lat' dir='ltr'>Bibliotheca</span> <span class='ocrx_word' id='word_1_178' title='bbox 1379 4310 1791 4388; x_wconf 86' lang='lat' dir='ltr'>Lugdunensi.</span> 
     </span>
     <span class='ocr_line' id='line_1_32' title="bbox 699 4392 2655 4474; baseline 0 -20"><span class='ocrx_word' id='word_1_179' title='bbox 699 4392 751 4470; x_wconf 80' lang='lat'>²)</span> <span class='ocrx_word' id='word_1_180' title='bbox 841 4395 1134 4454; x_wconf 85' lang='lat' dir='ltr'>Graevius</span> <span class='ocrx_word' id='word_1_181' title='bbox 1180 4396 1446 4456; x_wconf 85' lang='lat' dir='ltr'>excurrit</span> <span class='ocrx_word' id='word_1_182' title='bbox 1491 4396 2039 4468; x_wconf 86' lang='lat' dir='ltr'>Amstelaedamum</span> <span class='ocrx_word' id='word_1_183' title='bbox 2072 4401 2138 4456; x_wconf 87' lang='lat' dir='ltr'>ut</span> <span class='ocrx_word' id='word_1_184' title='bbox 2186 4402 2395 4474; x_wconf 86' lang='lat' dir='ltr'>ageret</span> <span class='ocrx_word' id='word_1_185' title='bbox 2427 4397 2501 4454; x_wconf 88' lang='lat' dir='ltr'>de</span> <span class='ocrx_word' id='word_1_186' title='bbox 2533 4396 2655 4454; x_wconf 89' lang='lat' dir='ltr'>edi-</span> 
     </span>
     <span class='ocr_line' id='line_1_33' title="bbox 612 4481 2401 4561; baseline -0.002 -19"><span class='ocrx_word' id='word_1_187' title='bbox 612 4482 786 4542; x_wconf 87' lang='lat' dir='ltr'>tione</span> <span class='ocrx_word' id='word_1_188' title='bbox 827 4481 1134 4542; x_wconf 79' lang='lat' dir='ltr'>Ciceronis</span> <span class='ocrx_word' id='word_1_189' title='bbox 1183 4482 1280 4560; x_wconf 78' lang='lat' dir='ltr'>(ch.</span> <span class='ocrx_word' id='word_1_190' title='bbox 1331 4481 1590 4540; x_wconf 79' lang='lat' dir='ltr'>Francii</span> <span class='ocrx_word' id='word_1_191' title='bbox 1636 4483 1999 4558; x_wconf 65' lang='grc' dir='ltr'><em>Ροειίιατηα,</em></span> <span class='ocrx_word' id='word_1_192' title='bbox 2046 4501 2183 4561; x_wconf 88' lang='lat' dir='ltr'>pag.</span> <span class='ocrx_word' id='word_1_193' title='bbox 2234 4484 2401 4556; x_wconf 85' lang='lat'>406.)</span> 
     </span>
    </p>
   </div>
  </div>
 </body>
</html>
