2975 5209
1429 514 1511 577 19

439 705 801 773 donandum
871 728 1012 774 esse
1085 708 1349 774 Slatium
1391 711 1450 793 ¹).
1554 708 1739 773 Hanc
1809 709 2203 796 provinciam
2275 712 2328 775 si
2378 733 2497 778 non

437 827 821 911 contemnis,
874 848 1030 913 oum=
1065 827 1278 893 amieis
1330 828 1642 913 agendum
1692 828 1869 894 erit.'’
1948 828 2246 895 Francius
2273 831 2491 897 laudes

442 954 626 1030 canet
707 946 927 1012 Ruteri
953 949 1025 1031 ²).
1101 947 1168 1011 Si
1240 947 1677 1013 Broukhusius
1750 950 2022 1014 earmina
2093 950 2367 1037 scribat,
2421 973 2497 1017 ea

440 1066 664 1131 mittat.
769 1066 954 1149 „Scin
1001 1073 1064 1132 te
1113 1066 1298 1132 fidem
1349 1068 1537 1133 etiam
1587 1068 1741 1132 mihi
1789 1066 2074 1155 dedisse,
2120 1091 2260 1135 cum
2295 1058 2492 1136 disce-

447 1184 668 1271 deres,
722 1192 784 1252 te
832 1188 1226 1273 trajectiones
1247 1237 1266 1269 ,
1315 1208 1470 1273 quas
1520 1188 1581 1253 in
1629 1188 1961 1275 Propertio
2012 1188 2530 1276 observaveras,.

444 1306 603 1370 mihi
649 1308 1136 1394 perscripturum
1157 1308 1228 1372 1²”

545 1426 690 1512 Traj
701 1428 820 1492 ecti
843 1427 1246 1514 Batavorum,
1276 1451 1332 1494 a.
1354 1430 1407 1495 d.
1431 1428 1561 1494 XII
1575 1428 1762 1497 Febr.
1785 1403 1937 1494 010
1950 1426 2043 1495 10
2058 1429 2174 1495 GL
2188 1428 2492 1497 XXVIL

1275 1580 1680 1619 wmakrmwwaem

1393 1718 1430 1779 9
1471 1717 1539 1799 τ).

1217 1857 1353 1921 lano
1400 1856 1755 1921 Broukhusio

1205 1967 1413 2032 Petrus
1459 1966 1747 2033 Francius.

544 2106 812 2172 Litteras
885 2114 946 2173 et
1012 2116 1303 2195 poemata
1370 2085 1779 2173 Broukhusii-
1821 2109 2081 2195 accepit.
2184 2107 2498 2187 „Carmen

446 2248 658 2292 meum
697 2230 744 2312 ³)
796 2228 1037 2293 absolvi
1079 2230 1214 2314 jam
1249 2228 1482 2315 aliquot
1515 2230 1927 2316 septimanas,
1983 2225 2146 2316 quod
2172 2227 2310 2313 jam
2343 2229 2505 2293 ultra

446 2347 620 2412 mille
655 2369 727 2412 ae
759 2345 1054 2413 ducentos
1092 2350 1366 2414 excrevit
1396 2347 1676 2414 versus.”
1748 2347 2113 2434 Amputavit
2143 2347 2499 2431 nonnullos,

448 2468 609 2554 quos
678 2468 740 2532 in
817 2468 1176 2534 recitatione
1244 2469 1520 2555 omittet3
1599 2468 1873 2533 manebit
1939 2475 2145 2533 tamen
2212 2487 2504 2534 numerus

445 2608 650 2674 ‘paene
665 2602 1133 2675 nongentorum.
1159 2588 1301 2653 Uno
1321 2596 1463 2676 post
1487 2589 1784 2676 exequias
1809 2588 1909 2654 die
1928 2589 2124 2653 oratio
2145 2586 2497 2653 habebitur.

453 2707 749 2791 „Utinam
820 2730 945 2773 una
1015 2709 1117 2774 hie
1190 2709 1474 2795 adfores,
1556 2715 1647 2795 ut,
1702 2714 2030 2796 antequam
2074 2714 2285 2784 exeat,
2334 2728 2503 2771 com-

447 2829 765 2893 municare
813 2836 1017 2894 tecum
1067 2829 1230 2895 hunc
1277 2851 1485 2897 meum
1518 2829 1803 2894 laborem
1841 2826 2159 2915 possem.”
2192 2864 2279 2875 -
2320 2825 2507 2909 „Hoc

446 2948 809 3035 promittere
834 2998 852 3035 ‚
903 2950 1018 3014 nisi
1056 2950 1278 3036 fallor,
1333 2951 1463 3015 sine
1497 2950 1744 3036 piaculo
1771 2970 2061 3035 possum,
2110 2969 2230 3012 non
2257 2946 2504 3010 omnino

439 3068 661 3152 jacere
709 3090 990 3155 carmen,
1045 3076 1132 3135 et·
1159 3076 1452 3157 quantum
1502 3070 1781 3157 permisit
1822 3068 2109 3152 materia,
2164 3087 2286 3131 non
2319 3066 2505 3152 plane

454 3208 496 3251 a
543 3185 923 3275 Virgiliano‚
977 3190 1030 3254 si
1079 3182 1226 3277 quid
1273 3189 1496 3274 vide0,
1550 3190 1711 3275 stylo
1762 3208 1902 3253 esse
1953 3183 2290 3251 alienum”.
2346 3232 2361 3248 .
2418 3231 2432 3246 .
2487 3231 2503 3246 .

458 3304 836 3389 „Caeterum
887 3310 1055 3375 aliud
1116 3316 1208 3375 est
1245 3309 1685 3396 praecipuum,
1734 3314 1931 3372 curte
1954 3306 2057 3370 hic
2083 3304 2509 3369 desideramus

452 3416 780 3516 imprimis.
834 3422 1016 3495 Nosti
1040 3451 1174 3495 rem
1202 3430 1572 3495 theatralem
1608 3430 1679 3514 ⁴),
1710 3448 1867 3515 quae
1896 3424 2123 3491 accidit
2145 3443 2341 3510 nuper
2369 3442 2510 3486 cum

395 3726 398 3728 Α
560 3651 602 3728 ¹)
689 3654 912 3714 Slatius
957 3658 1314 3733 praeceptor
1337 3648 1652 3728 Gymnasii
1680 3641 2295 3706 Amstelaedamensis
2325 3639 2510 3699 fuisse

455 3738 981 3898 Vl(1²‹3turls'ranoius
1025 3824 1080 3883 d.
1127 3825 1282 3883 XIX
1325 3820 1529 3881 Martii
1578 3820 1737 3877 1677
1785 3817 1848 3876 in
1894 3814 2106 3891 templi
2149 3812 2291 3871 novi
2324 3810 2509 3869 choro

456 3910 815 3989 Epicedium
896 3911 1169 3969 versibus
1235 3908 1493 3967 heroicis
1561 3904 1719 3964 dixit
1783 3903 2010 3961 Rutero
2078 3898 2179 3975 (cf.
2251 3896 2513 3955 Francii

461 3997 782 4071 Po'e'mata‚
836 3998 1031 4071 1697,
1075 4015 1214 4073 pag.
1266 3994 1517 4067 3—31).

555 4078 605 4155 ³)
649 4082 1001 4159 Epicedium
1043 4082 1291 4140 Ruter0.

555 4165 604 4237 ⁴)
671 4167 822 4227 Inde
880 4169 956 4226 ab
1018 4185 1177 4225 anno
1239 4166 1396 4222 1672
1445 4161 1517 4220 ad
1571 4161 1728 4218 1677
1775 4158 1837 4214 in
1882 4156 2120 4215 theatro
2166 4150 2506 4210 Amstelae-

461 4252 734 4312 damensi
800 4254 1042 4313 fabulas
1099 4268 1280 4329 agere
1339 4267 1460 4306 non
1505 4245 1693 4304 licuit.
1786 4240 2081 4301 Consules
2126 4237 2181 4296 d.
2207 4234 2509 4302 >XXVIII

459 4338 815 4397 Decembris
853 4341 1012 4397 1677
1031 4337 1139 4395 illa
1163 4337 1298 4413 lege
1322 4334 1561 4391 sublata
1584 4329 1992 4388 moderatores
2015 4342 2216 4383 rerum
2238 4322 2509 4381 theatra-

458 4423 614 4481 lium
677 4428 1036 4483 creaverunt
1098 4422 1290 4495 viros,
1356 4436 1508 4496 quos
1563 4413 1857 4473 Francius
1916 4413 2250 4470 enumerat.
2341 4406 2515 4503 Quae

457 4516 572 4577 ille
614 4514 714 4571 hic
756 4515 962 4571 narrat
1007 4513 1146 4567 sunt
1188 4505 1369 4584 plane
1413 4504 1625 4581 ignota
1667 4515 1867 4575 neque
1912 4494 2236 4555 memoriae
2282 4489 2509 4551 tradita
