2975 5209
1517 474 1651 537 160

551 671 820 756 plurima
881 691 1023 734 cum
1089 670 1445 755 voluptate,
1512 675 1573 733 te
1642 675 1769 731 tam
1837 666 2055 730 doctas
2105 671 2168 730 et
2214 672 2343 730 tam
2394 670 2603 730 castas

552 811 770 853 manus
863 788 1214 853 admovisse
1298 789 1463 852 cult-o
1537 794 1597 852 et
1669 786 1851 851 docto
1928 785 2225 870 Tibullo,
2299 785 2392 848 uti
2465 805 2610 849 eum

553 907 874 993 appellare
925 907 1081 971 solet
1131 927 1248 970 non
1282 906 1517 969 minimi
1556 905 1741 970 etiam
1774 905 2037 969 nominis
2071 905 2277 968 Poeta
2312 903 2606 968 Ovidius.

646 1025 906 1090 Multum
965 1026 1080 1090 tibi
1147 1033 1311 1090 certe
1362 1026 1550 1090 debet
1597 1024 1987 1112 Respublica
2033 1023 2384 1107 Literaria„
2440 1023 2611 1109 quod

553 1153 696 1232 post
759 1145 1156 1231 Propertium
1218 1151 1280 1209 et
1327 1144 1647 1208 Tibullum
1694 1144 2142 1228 illustraveriS,
2196 1149 2259 1206 et
2306 1148 2397 1207 tot
2443 1142 2601 1206 locis

553 1265 832 1328 obscuris
899 1271 1082 1351 atque
1147 1264 1414 1330 foedatis
1461 1264 1773 1349 ingentem
1822 1263 2026 1326 lucem
2078 1261 2156 1326 de
2196 1258 2593 1354 -lumineotuo

553 1383 927 1448 accenderis.
1025 1383 1176 1468 Illa,
1249 1385 1302 1447 si
1369 1384 1557 1470 sapit,
1634 1405 1750 1470 pro
1816 1382 2239 1446 incolumitate
2290 1387 2351 1446 et
2398 1382 2601 1446 salute

553 1509 660 1566 tua
726 1511 869 1569 vota
935 1503 1139 1568 facere
1210 1504 1505 1588 deberet,
1557 1505 1647 1567 uti
1694 1504 1881 1568 etiam
1931 1502 2278 1586 Catullum,
2331 1503 2479 1566 licet
2526 1501 2611 1564 ab

507 1622 769 1687 .Isaaco
858 1620 1127 1706 Vossio,
1222 1623 1354 1686 viro
1420 1621 1688 1706 insigni,
1780 1622 2037 1708 pulchre
2109 1623 2483 1686 illustratum
2527 1623 2607 1707 ¹),

553 1742 832 1828 aliosque
879 1746 1099 1828 poetas
1149 1750 1432 1828 comptos
1485 1747 1547 1805 et
1594 1742 1821 1826 politos
1870 1740 2049 1804 nobis
2092 1740 2392 1805 exhibere
2429 1741 2605 1806 velis,

541 1860 777 1946 'Neque
849 1861 1011 1925 enim
1084 1882 1433 1947 quenquam
1494 1862 1797 1947 aptiorem
1858 1861 1950 1924 illi
2019 1882 2202 1926 curae
2275 1883 2414 1926 esse
2462 1883 2609 1947 per-

551 1981 979 2045 suasissimum
1054 1980 1299 2066 habe0,
1377 2003 1565 2066 quam
1634 2001 1805 2064 eum,
1857 1980 1963 2066 qui
2010 2002 2131 2045 non
2180 1981 2369 2045 modo
2410 1981 2613 2065 probe

550 2122 692 2166 cum
762 2099 956 2164 Musis
1024 2101 1327 2166 rationem
1394 2098 1693 2181 deduxit,
1760 2098 1871 2164 sed
1937 2101 2042 2185 qui
2088 2101 2342 2186 insuper
2392 2121 2611 2166 omnes

546 2225 768 2305 poetas
819 2241 962 2284 cum
1010 2241 1251 2284 summa
1301 2220 1488 2284 animi
1540 2221 1880 2284 attentione
1929 2220 2084 2305 legit
2134 2226 2195 2284 et
2240 2221 2378 2306 ipse
2425 2241 2611 2308 prae-

547 2346 720 2426 terea
784 2341 961 2405 labro
1011 2340 1240 2426 proluit
1287 2340 1455 2404 fonte
1506 2339 1809 2402 caballino
1866 2344 1927 2402 et
1972 2339 2033 2400 in
2084 2337 2401 2422 fastigium
2451 2338 2585 2404 He-
2630 2393 2641 2404 .

545 2460 763 2524 liconis
823 2460 1114 2526 escendit.
1217 2459 1392 2532 Quae
1463 2459 1673 2523 omnia
1735 2480 1876 2522 cum
1925 2459 1985 2522 in
2035 2465 2136 2544 te,
2188 2459 2285 2522 vir
2334 2459 2603 2544 eximie,

549 2580 1036 2646 animadvertam
1084 2579 1404 2644 recondita
1455 2599 1631 2664 esse,
1686 2577 1833 2664 quid
1880 2578 2049 2642 aliud
2081 2579 2288 2644 facere
2321 2599 2604 2666 possum,

549 2721 737 2788 quam
783 2700 898 2764 tibi
943 2707 1160 2786 optare
1207 2699 1657 2764 restitutionem
1702 2698 2041 2776 inlocum,
2093 2698 2259 2763 unde
2292 2699 2354 2764 vi
2389 2699 2601 2764 morbi

550 2819 820 2884 diuturni
884 2820 1162 2904 dejectus
1214 2820 1331 2882 es?
1429 2819 1641 2882 Didici
1690 2819 1856 2883 enim
1904 2841 2146 2883 summo
2198 2839 2340 2882 cum
2388 2817 2609 2884 dolore

549 2961 672 3004 non
719 2939 906 3004 modo
959 2961 1039 3003 ex
1087 2939 1302 3003 amicis
1351 2939 1543 3002 literis
1595 2939 1749 3024 tuis,
1804 2938 1915 3003 sed
1964 2939 2151 3002 etiam
2202 2960 2343 3002 cum
2383 2959 2597 3003 mense

553 3059 742 3124 Junio
816 3058 1310 3124 Amstelaedami
1374 3079 1621 3143 essem,
1674 3065 1735 3123 te
1785 3066 2143 3147 aegrotare,
2199 3067 2260 3123 et
2309 3057 2606 3123 dolebam

551 3199 653 3244 me
701 3186 1033 3265 propterea
1081 3178 1199 3243 frui
1247 3200 1368 3242 non
1415 3199 1602 3263 posse
1652 3178 1890 3242 erudito
1942 3188 2125 3263 atque
2167 3177 2445 3262 jucundo
2486 3185 2597 3242 tuo

555 3298 900 3383 colloquio,
977 3296 1042 3359 id
1106 3297 1275 3380 quod
1335 3297 1456 3360 alio
1507 3303 1713 3361 tamen
1764 3304 2043 3383 tempore
2092 3296 2365 3361 futurum
2414 3318 2605 3382 spero

552 3416 841 3503 equidem
889 3416 1307 3484 vehementer.

649 3534 896 3601 Gratias
971 3542 1178 3600 autem
1250 3536 1468 3621 dignas
1542 3556 1662 3621 ago
1737 3535 1887 3617 tibi,
1966 3536 2133 3622 quod
2191 3536 2315 3601 mei
2363 3557 2609 3602 memor

549 3656 760 3741 vivae,
827 3663 887 3720 et
945 3653 1115 3742 quod
1164 3656 1314 3719 mihi
1363 3656 1603 3720 miseris
1654 3655 1974 3720 Tibullum
2024 3656 2185 3719 dono
2235 3662 2364 3719 tam
2415 3677 2595 3741 egre-

547 3777 650 3861 gie
700 3777 932 3840 cultum
981 3787 1038 3840 et
1089 3783 1396 3860 ornatum,
1451 3776 1741 3862 quodque
1789 3776 1914 3840 mei
1962 3777 2100 3861 plus
2154 3797 2339 3862 quam
2389 3777 2587 3840 semel

549 3901 678 3959 tam
724 3894 1124 3959 honorificam
1172 3895 1365 3958 facias
1413 3895 1791 3970 mentionem
1830 3898 1901 3980 ²).

641 4013 808 4078 Illud
845 4023 1051 4078 autem
1097 4013 1244 4076 mihi
1272 4012 1500 4078 arridet
1523 4015 1737 4100 valde,
1793 4016 1957 4102 quod
1983 4015 2505 4102 perfectissimum
2529 4017 2593 4080 in

548 4133 749 4199 forma
783 4133 990 4218 operis
1023 4133 1154 4218 sui,
1206 4141 1272 4196 ut
1307 4155 1446 4197 eum
1483 4156 1602 4198 non
1635 4135 1945 4198 immerito
1973 4135 2187 4198 laudat
2208 4133 2495 4219 Vellejus
2532 4137 2603 4220 3),
2678 4172 2683 4176 ·

544 4255 803 4340 poetam
849 4251 1246 4322 illustraveris
1297 4254 1480 4317 variis
1531 4255 1943 4318 marmoribus
1994 4255 2347 4342 anaglyptis
2381 4255 2603 4319 statuis

647 4421 689 4497 ¹)
775 4423 849 4480 A.
903 4423 1063 4480 1684
1107 4422 1350 4482 Isaacus
1394 4421 1643 4482 Vossius
1690 4424 1878 4483 edidit
1924 4423 2249 4484 Catullum.

635 4510 692 4671 y)
769 4508 1136 4673 3533?ssss
1173 4510 1313 4566 380.
2256 4534 2263 4548 =
