2975 5209
1577 485 1704 548 112

594 675 927 746 Praeterea
975 682 1170 746 fatear
1220 683 1474 766 lubens,
1530 703 1668 764 me,
1724 679 1829 764 qui
1868 699 2179 764 nunquam
2215 678 2473 745 Graecis
2513 703 2655 746 car-

595 800 861 865 minibus
933 803 1276 886 pangendis
1355 824 1450 866 me
1535 799 1716 882 dedi,
1798 818 1919 860 non
1996 797 2157 861 adeo
2230 799 2291 862 in
2355 807 2654 886 promptu

597 919 831 983 habere
897 921 1254 1005 prosodiam
1330 920 1715 984 Graecorum
1790 917 1849 979 in
1925 924 2092 980 tanta
2142 913 2374 980 eorum'
2407 919 2655 982 licentia

599 1044 659 1102 et
708 1039 1132 1124 ambiguitate.
1233 1040 1464 1103 Notum
1518 1049 1610 1102 est
1661 1035 1817 1099 illud
1848 1035 2186 1120 Martialis,
2240 1037 2347 1100 ubi
2382 1040 2655 1123 queritur

595 1157 895 1222 Romanis
945 1180 1066 1222 non
1117 1160 1302 1224 licere
1354 1180 1491 1224 esse
1534 1175 1659 1221 tam
1693 1156 1930 1238 beatis,
1985 1165 2051 1219 ut
2084 1156 2174 1219 illi
2208 1157 2369 1241 sint,
2424 1158 2653 1243 quibus

596 1279 779 1343 liceat
831 1280 892 1343 in
967 1279 1189 1345 eodem
1261 1279 1533 1343 carmine
1605 1275 1777 1363 Ἀρες
1820 1272 1989 1361 Ἄρες
2037 1297 2257 1340 sonare
2306 1278 2366 1360 ¹).
2422 1276 2651 1342 Caete-

595 1417 770 1482 rum,
823 1405 889 1461 ut
937 1399 1016 1461 ad
1066 1419 1195 1462 rem
1245 1399 1526 1480 redeam,
1584 1398 1663 1460 de
1713 1417 1835 1482 qua
1886 1397 1963 1460 ab
2014 1397 2183 1459 initio
2236 1397 2373 1480 egi,
2429 1396 2646 1460 audivi

595 1517 904 1600 quondam
979 1538 1059 1580 ex
1133 1516 1263 1599 Te,
1345 1515 1777 1581 Bouhourium
1820 1520 1891 1599 2),
1972 1518 2028 1579 ni
2101 1516 2325 1599 fallor,
2382 1515 2653 1581 edidisse

599 1633 1089 1698 dissertationem
1166 1635 1348 1718 hujus
1425 1636 1521 1697 vel
1598 1636 1814 1699 similis
1891 1636 2233 1718 argumenti
2308 1656 2381 1698 ao
2450 1635 2646 1720 tituli,

598 1752 723 1816 S’il
759 1760 862 1835 ‚est
897 1753 1216 1837 possible,
1272 1752 1465 1837 qu⁷un
1504 1755 1853 1817 Allemaucl
1890 1757 2019 1838 aije
2053 1753 2339 1837 d'esprit.
2396 1753 2652 1826 Quaeso

599 1879 692 1957 te,
745 1879 810 1935 ut
857 1873 1164 1957 significes
1216 1873 1521 1958 primum,
1577 1895 1697 1962 quo
1748 1875 1807 1937 in
1862 1875 2019 1942 libro
2072 1876 2207 1958 ejus
2241 1874 2396 1938 illud
2431 1896 2647 1939 occur-

599 2000 709 2059 rat.
777 1967 949 2056 'Tum
1000 2014 1074 2057 an
1126 1993 1400 2078 habeas,
1457 1995 1552 2058 vel
1606 1995 1849 2058 noveris
1880 1995 2105 2058 librum
2132 1993 2649 2080 Oharpenteriiss),

555 2113 929 2198 Jsoriptum,
1006 2113 1065 2174 ni
1137 2113 1348 2198 fallor,
1425 2135 1539 2198 per
1612 2115 2000 2177 occasionem
2074 2120 2317 2178 statuae
2386 2114 2647 2200 regiae,

599 2253 720 2317 quo
768 2232 874 2296 ille
924 2231 1197 2316 linguam
1247 2231 1613 2296 Francicam
1664 2233 1837 2318 quasi
1882 2234 2017 2316 jam
2068 2253 2458 2298 communem
2510 2253 2651 2297 om-

596 2352 762 2414 nium
831 2351 1142 2436 gentium,
1219 2358 1278 2414 et
1328 2352 1539 2414 secula
1589 2353 1894 2435 laturam,
1972 2353 2235 2417 Latinae
2285 2353 2645 2440 paeferen-

599 2461 744 2524 dam
793 2461 1120 2526 contendit.
1223 2459 1418 2546 Cupio
1474 2463 1631 2526 scire
1684 2465 1819 2548 quis
1872 2464 2084 2527 titulus
2126 2464 2205 2528 sit
2251 2465 2431 2549 libri,
2476 2475 2651 2529 etan

599 2572 816 2636 haberi
873 2572 973 2636 hic
1022 2573 1234 2659 possit.
1338 2571 1753 2657 Speraveram
1804 2595 1903 2638 me
1954 2575 2100 2638 talia
2146 2576 2537 2639 inventurum
2585 2577 2649 2652 in

601 2683 904 2772 Gatalogo
980 2684 1411 2749 Ablancourtii
1447 2687 1516 2769 4).
1620 2685 1748 2750 Sed
1824 2687 1974 2749 nihil
2024 2688 2161 2771 ejus
2212 2688 2477 2755 invenio,
2580 2686 2651 2752 Si

601 2818 759 2882 quae
829 2797 1026 2864 habes
1076 2799 1300 2861 similia
1353 2801 1740 2882 arrogantiae
1791 2800 2050 2862 istorum
2100 2821 2241 2862 cum
2282 2807 2649 2886 contemptu

601 2909 859 2973 aliarum
953 2911 1226 2994 gentium
1317 2918 1591 2974 veterum
1680 2912 2208 2996 recentiorumque
2284 2911 2651 2994 conjunctae

599 3020 926 3105 exempla,
959 3042 1056 3084 -ea
1101 3027 1166 3084 ut
1215 3015 1457 3084 me'cum
1509 3024 1962 3104 communices,
2021 3023 2208 3085 etiam
2238 3028 2428 3106 atque
2466 3022 2653 3086 etiam

598 3130 772 3216 rogo,
869 3116 1032 3195 Nam
1107 3135 1158 3196 si
1231 3133 1377 3195 nihil
1455 3155 1563 3196 vos
1638 3133 2068 3219 praestabitiS,
2133 3135 2337 3197 nescio
2392 3155 2469 3196 an
2519 3133 2659 3220 ipse

600 3243 856 3307 brevem
936 3237 1426 3308 dissertationem
1504 3244 1735 3307 homini
1814 3245 1929 3306 sim
2015 3245 2414 3329 repositurus.
2515 3243 2653 3309 Nec

602 3355 764 3418 enim
843 3355 1081 3418 animus
1157 3363 1250 3420 est
1320 3377 1433 3441 per
1504 3357 1709 3420 omnia
1778 3355 2045 3420 Homeri
2118 3363 2177 3420 et
2225 3356 2538 3439 Platonis,
2590 3356 2652 3419 in

527 3517 534 3519 .
605 3485 759 3553 quos
810 3467 1084 3530 maxime
1131 3468 1470 3550 invehitur,
1527 3469 1671 3552 stijli
1725 3475 1785 3531 et
1832 3469 2197 3531 inventionis
2248 3467 2437 3551 vitia,
2493 3488 2657 3554 quae

600 3577 706 3640 ille
768 3577 1037 3662 undique
1088 3580 1380 3663 corrasit,
1434 3600 1535 3642 me
1585 3577 1921 3642 effundere.
2030 3577 2125 3640 An
2176 3578 2375 3640 habes
2426 3578 2522 3642 vel
2574 3600 2653 3642 an

599 3687 817 3751 haberi
865 3695 1071 3773 potest
1125 3688 1441 3752 Discours
1494 3710 1611 3750 sur
1665 3689 1752 3751 les
1812 3691 2085 3751 Anciens
2117 3691 2185 3770 ⁵),
2242 3687 2503 3772 quodni
2538 3687 2657 3751 fal-

675 3824 742 3898 -¹)
831 3826 956 3900 IX,
1011 3828 1120 3898 11,
1168 3843 1252 3881 vs,
1307 3825 1400 3880 15.

686 3907 736 3984 2)
825 3911 1188 3986 nominique
1232 3889 2128 3983 Bou11ours(1628-1702)‚e
2156 3909 2451 3968 societate
2483 3907 2658 3983 Jesu,

600 3996 790 4054 multa
833 3997 1067 4074 scripsit
1112 4013 1296 4072 opera
1343 3994 1574 4052 Gallico
1620 4011 1913 4051 sermone.

691 4077 739 4153 3)
829 4082 1116 4156 Francois
1175 4080 1574 4158 Charpentier
1635 4081 2107 4154 (1620—1702)
2151 4079 2338 4138 libros
2384 4077 2656 4138 Gallicos

598 4171 1073 4324 Sssraesltfflooms
1140 4254 1353 4312 Perrot
1412 4250 1871 4310 d'Ablancourt
1918 4251 2387 4326 (lew—1664)
2437 4250 2660 4310 multos

603 4341 881 4396 auctores
928 4339 1189 4397 Graecos
1235 4348 1414 4413 atque
1461 4336 1711 4395 Latinos
1757 4337 1936 4394 vertit
1984 4336 2235 4393 Gallice.

695 4419 744 4495 ⁵)
833 4424 1015 4482 Liber
1056 4424 1203 4498 iste,
1253 4424 1354 4499 qui
1401 4425 1597 4481 lucem
1643 4420 1791 4479 vidit
1838 4441 1890 4480 a.
1948 4424 2137 4491 1687,
2186 4421 2439 4498 scriptus
2486 4429 2577 4481 est
2610 4443 2650 4482 a

599 4511 786 4587 poeta
826 4509 1233 4587 Longepierre
1279 4509 1439 4584 (vide
1486 4508 1561 4566 ad
1609 4507 1793 4583 Epist.
1842 4509 2240 4584 sequentem).
