2975 5209
1491 415 1622 477 120

526 615 923 693 comparent,
1038 606 1327 672 subducti
1416 608 1679 672 fortasse
1773 608 2043 672 auctioni
2132 607 2420 694 publicae
2506 607 2588 670 ab

526 727 796 791 haerede
865 728 1323 814 elegantiarum
1375 727 1749 792 Musicarum
1800 727 2101 791 studioso,
2199 726 2428 811 Igitur,
2483 749 2590 790 an-

525 854 776 932 tequam
828 847 1063 932 aliquid
1114 853 1422 911 statuatur
1475 847 1551 910 de
1604 847 1911 932 editione,
1970 846 2398 933 inquirendum
2450 867 2591 912 cen-

528 987 676 1050 se0,
729 967 830 1030 vel
881 965 1046 1051 apud
1106 967 1339 1052 Ryokii
1391 967 1677 1051 viduam,
1716 968 1814 1030 vel
1849 966 2016 1053 apud
2048 967 2350 1031 haeredes
2380 964 2589 1052 Mylii,

529 1084 674 1169 quid
749 1085 979 1149 factum
1057 1084 1136 1147 sit
1204 1085 1336 1148 istis
1385 1085 1600 1170 libris,
1656 1095 1711 1148 et
1766 1107 1913 1148 num
1964 1106 2087 1171 qua
2133 1106 2278 1170 >spes
2327 1085 2597 1171 supersit

529 1205 938 1291 recuperandi
1012 1203 1377 1269 thesaurum
1443 1213 1567 1270 tam
1618 1207 1975 1292 pretiosum.
2075 1204 2173 1268 Ea
2220 1206 2275 1268 si
2322 1205 2595 1270 decolla-

529 1325 688 1390 verit
757 1325 868 1409 (ita
945 1325 1097 1388 mihi
1170 1326 1409 1388 animus
1484 1326 1826 1410 praesagit)
1896 1300 2104 1390 nostro
2173 1324 2348 1390 nobis
2404 1345 2593 1391 succo

531 1442 863 1506 vivendum
937 1443 1068 1507 erit.
1169 1442 1469 1508 Formam
1542 1445 1870 1528 editionis,
1954 1445 2200 1530 qualern
2270 1465 2382 1528 ego
2436 1443 2596 1508 mihi

533 1561 870 1644 finxeram,
933 1560 1222 1626 indicabo
1274 1562 1406 1626 tibi.
1506 1559 1755 1647 Virgilii
1806 1564 2042 1649 ipsius,
2096 1584 2236 1626 cum
2287 1563 2593 1646 adjunctis

429 1699 436 1706 ·
532 1700 648 1765 per
701 1687 1002 1744 tmemata
1051 1679 1253 1746 Servii
1302 1681 1817 1767 Commentariis,
1871 1689 2149 1767 textum,
2202 1684 2295 1765 (ut
2334 1681 2595 1767 loquun-

536 1801 658 1882 tur)
733 1800 883 1864 dare
960 1799 1256 1886 debebis,
1331 1802 1418 1865 ita
1465 1803 1552 1865 uti
1622 1803 1758 1886 jam
1832 1803 2078 1888 pridem
2152 1800 2324 1866 dedit
2371 1801 2595 1864 Petrus

534 1919 761 1985 Daniel
805 1921 881 2005 ¹):
960 1928 1292 2007 sequentur
1362 1922 1699 2007 Auctaria,
1762 1930 1973 1987 notato
2024 1944 2138 2008 per
2200 1921 2593 1986 characteres

539 2039 783 2123 singulo
864 2060 1107 2125 quoque
1156 2040 1321 2105 libro
1374 2042 1539 2106 unde
1589 2041 1813 2105 fuerint
1863 2042 2227 2128 depromta,
2288 2039 2597 2125 simplicia

549 2179 804 2244 prorsus
874 2180 946 2222 ac
1004 2160 1208 2243 nuda,
1263 2160 1396 2224 sine
1446 2162 1574 2225 ullo
1625 2161 1768 2225 fuco
1821 2161 2073 2225 critico:
2125 2168 2253 2223 tum
2304 2157 2597 2243 deinceps

546 2277 751 2343 Notae
801 2278 880 2342 ad
931 2278 1264 2364 Servium,
1321 2287 1620 2366 quotquot
1667 2281 2079 2366 undequaque
2126 2284 2416 2366 poterunt
2463 2298 2599 2341 cor-

544 2397 698 2460 radi.
797 2394 1046 2482 Agmen
1083 2397 1373 2462 claudent
1403 2399 1683 2486 Philippi
1708 2397 2007 2464 Ber-oaldi
2048 2401 2098 2484 2)
2147 2397 2599 2462 Annotationes

544 2515 604 2578 in
680 2515 1002 2602 Servium,
1082 2539 1242 2602 opus
1316 2518 1613 2582 hactenus
1688 2539 1807 2582 non
1880 2539 1993 2581 suo
2042 2517 2244 2603 pretio
2292 2515 2595 2580 habitum.

547 2634 690 2699 Hac
762 2637 1033 2721 ratione,
1109 2638 1360 2724 opinor,
1422 2637 1793 2701 habebimus
1859 2659 2014 2724 opus
2063 2637 2484 2719 luculentum,
2538 2640 2601 2698 et

549 2756 715 2840 quod
765 2777 989 2820 nomen
1040 2763 1214 2820 tuum
1268 2779 1409 2822 cum
1446 2779 1688 2822 summa
1721 2757 1907 2822 laude
1942 2756 2245 2820 diffundat
2274 2757 2336 2818 in
2358 2774 2607 2819 omnem

547 2876 997 2961 posteritatem.
1097 2877 1393 2941 Leersius
1431 2879 1477 2960 3)
1544 2882 1747 2941 vester
1810 2876 2004 2961 (quod
2053 2876 2183 2940 sine
2233 2859 2607 2938 contumelia

552 2994 784 3058 dictum
820 2996 994 3081 volo)
1032 3017 1214 3083 quam
1253 2997 1330 3060 sit
1353 2995 1614 3060 idoneus
1648 2995 1877 3058 arbiter
1909 2995 2225 3058 literarum
2259 2999 2608 3056 nostrarum

555 3135 673 3198 ego
750 3115 998 3201 quidem
1074 3116 1323 3200 ignoro:
1406 3137 1623 3179 verum
1700 3115 1816 3178 hoc
1883 3113 2033 3177 mihi
2106 3113 2293 3178 velim
2350 3111 2604 3195 credas),

557 3253 894 3318 numquam
954 3255 1069 3297 nos
1133 3235 1376 3298 deficiet
1431 3234 1809 3319 typographi
1859 3232 2123 3316 alicujus
2171 3231 2373 3295 seduli
2420 3235 2482 3294 et
2530 3225 2611 3292 ad

551 3374 688 3417 rem
777 3353 996 3418 attenti
1088 3353 1405 3418 industria.
1510 3352 1813 3417 Conatum
1900 3359 2072 3415 tuum
2147 3351 2206 3413 in
2279 3325 2611 3433 Propertio

557 3471 969 3537 emaculando
1038 3473 1264 3558 laudo,
1337 3443 1451 3537 nec
1521 3479 1725 3536 tamen
1778 3492 2019 3556 sequor.
2119 3468 2292 3533 Istud
2337 3469 2615 3554 qummis

663 3711 706 3788 Ι)
795 3713 1007 3772 Petrus
1053 3711 1270 3770 Daniel
1321 3711 1817 3786 (1530—1603),
1863 3713 2042 3766 natus
2070 3705 2390 3776 Aureliae,
2432 3705 2615 3779 Ictus,

559 3800 798 3860 invenit
842 3799 1046 3857 Plauti
1092 3796 1470 3858 comoediae:
1520 3797 1893 3866 Aulularia,
1939 3792 2045 3851 illo
2077 3799 2346 3869 tempore
2367 3790 2619 3867 ignotae

563 3886 832 3945 codicem
874 3904 1058 3943 manu
1106 3883 1410 3960 scriptum.
1458 3881 1532 3938 A.
1588 3882 1749 3938 1600
1796 3879 2014 3938 edidit:
2048 3877 2514 3938 Commentaires
2548 3876 2622 3934 de

563 3970 817 4030 Servius
865 3990 978 4029 sur
1034 3970 1284 4046 Viryile.

651 4075 696 4148 2)
787 4073 1030 4150 Filippo
1054 4068 1356 4130 Beroaldo
1383 4067 1881 4143 (1453—1505),
1911 4065 2132 4138 Italus,
2165 4062 2625 4122 commentarios

563 4159 803 4237 scripsit
881 4159 944 4216 in
1016 4157 1314 4230 Plinium,
1382 4152 1795 4230 Propertium,
1868 4149 2201 4223 Catullum,
2266 4148 2623 4226 Apuleium,

563 4245 955 4319 Suetonium,
1045 4243 1216 4300 alios.
1307 4240 1454 4297 Eius
1542 4238 1993 4296 Avmotationes
2052 4237 2118 4291 in
2165 4234 2626 4292 commentarios

570 4331 776 4389 Servii
834 4330 1220 4406 Viryilianos
1265 4324 1621 4403 prodierunt
1666 4341 1719 4380 a.
1774 4324 1933 4380 1482
1981 4318 2312 4378 Bononiae.

661 4429 710 4509 ³)
777 4431 856 4490 Ni
879 4431 1080 4507 fallor,
1107 4428 1384 4488 Leersius
1414 4427 1521 4485 ille
1554 4431 1685 4486 erat
1716 4423 2049 4502 bibliopola
2076 4419 2628 4480 Roterodamensis.
