2975 5209
1273 482 1351 549 61

280 680 640 764 intelligere
687 700 988 766 possum,
1039 681 1092 743 is
1134 682 1269 765 jam
1321 693 1451 745 tum
1501 681 1813 767 profectus
1862 682 2043 747 fuerit
2092 689 2337 768 oportet

283 798 376 863 ad
434 797 811 863 Sicambros,
910 797 1092 863 Mitto
1153 800 1413 893 iterum,
1465 800 1581 864 Vir
1630 798 2081 885 Celeberrime,
2136 808 2233 887 ut,
2289 801 2338 865 si

282 892 472 983 tanti*
513 918 733 1002 fuerit,
813 907 1187 1004 adjungatur
1245 926 1388 984 tuae
1435 920 1729 1006 imagini,
1784 928 1845 987 et
1894 921 2122 985 cultum
2172 922 2236 983 in
2280 927 2343 987 te

282 1060 542 1123 meum,
596 1038 700 1124 qui
749 1058 895 1103 sane
944 1060 1066 1103 non
1107 1046 1313 1125 potest
1363 1060 1503 1104 esse
1558 1027 1675 1105 n'on
1720 1042 2027 1105 maximus
2086 1062 2201 1126 pro
2252 1047 2343 1105 tot

289 1158 420 1222 tuis
477 1158 743 1243 meritis,
795 1157 1046 1246 publice
1094 1165 1384 1223 testatum
1433 1159 1639 1225 faciat.
1738 1159 1900 1225 Vale
1948 1159 2063 1223 Vir
2111 1159 2335 1224 Claris-

290 1280 490 1365 simo,
543 1284 604 1343 et
653 1300 784 1363 me,
838 1277 1005 1367 quod
1054 1278 1247 1363 facis,
1301 1300 1511 1344 amare
1552 1302 1761 1365 perge.

392 1396 874 1464 Amstelodami.
931 1402 1014 1463 23
1067 1398 1342 1484 Augusti
1396 1388 1595 1465 1688.

1118 1622 1532 1641 *MVNWs-fi-VVNNJ

1238 1802 1408 1869 LIII.

937 1993 1127 2059 loanni
1173 1993 1418 2077 Geor-uio
1466 1994 1709 2061 Graevlo

1024 2105 1191 2168 lanus
1237 2106 1639 2170 Broukhusius.

399 2294 624 2359 Munus
672 2302 843 2361 tuum
896 2296 1424 2381 elegantissimum
1468 2299 1532 2380 ¹),
1585 2295 1980 2383 Clarissime,
2034 2304 2129 2382 et,
2184 2297 2349 2382 quod

299 2416 617 2480 lubentius
691 2416 866 2502 dioc,
949 2418 1264 2481 carissime
1342 2416 1613 2496 Graevi,
1688 2416 1805 2479 nisi
1864 2438 1941 2481 ca
1991 2438 2111 2503 qua
2161 2416 2347 2481 debet

301 2534 543 2599 laetitia
605 2534 878 2626 animum
943 2556 1151 2601 meum
1199 2522 1582 2623 perfuderit,
1632 2536 2081 2621 ingratissimus
2130 2536 2351 2601 merito

303 2633 424 2717 bibi
494 2654 707 2718 videar
779 2664 962 2741 atque
1011 2655 1421 2719 alienissimus
1475 2676 1513 2717 a
1562 2657 1753 2720 sacris
1806 2656 2137 2720 Musarum.
2240 2654 2351 2719 Al-

305 2772 524 2837 liceret
593 2774 694 2837 vel
765 2773 1233 2858 ignavissimum
1304 2774 1611 2864 quemque
1663 2785 1723 2841 et
1773 2764 2199 2841 characterum
2246 2776 2352 2840 ille

307 2912 433 2956 non
479 2893 734 2957 usitatus
786 2894 971 2979 nitor,
1027 2902 1089 2958 et
1135 2896 1402 2959 auctoris
1439 2896 1664 2960 summi
1698 2897 1945 2981 gloria,
2000 2904 2061 2960 et
2086 2894 2356 2982 dignitas

307 3011 506 3095 ipsius
555 3014 804 3100 operis,
859 3020 960 3098 et,
1015 3035 1174 3099 quae
1224 3016 1505 3081 cumulus
1556 3016 1636 3080 ad
1667 3016 1824 3082 haec
1858 3016 2064 3081 omnia
2097 3016 2353 3102 accedit,

295 3130 480 3195 ‘fama
528 3132 790 3197 nominis
841 3132 1189 3199 Graeviani.
1292 3134 1499 3233 Quare
1536 3136 1767 3218 gratias
1804 3134 2021 3199 merito
2060 3134 2172 3198 tibi
2210 3154 2349 3219 ag0,

281 3249 426 3315 -Vir
497 3248 886 3339 Clarissime,
958 3260 1218 3341 quantas
1268 3276 1565 3341 possum,
1634 3276 1751 3320 non
1817 3260 2075 3340 quantas
2129 3252 2353 3316 debeo.

233 3354 236 3357 ⁴
312 3369 578 3457 Neque,
653 3372 707 3436 si
779 3374 877 3439 vel
936 3379 1317 3440 caeterorum
1368 3385 1614 3440 tuorum
1662 3375 1723 3437 in
1772 3393 1873 3437 mo
1920 3371 2359 3437 beneficiorum

315 3491 616 3555 memoria
685 3492 830 3556 huic
902 3494 1107 3558 animo
1183 3493 1537 3577 excideret,
1617 3492 1819 3557 officio
1896 3511 2037 3555 meo
2100 3510 2251 3575 erga
2299 3495 2361 3554 te

317 3608 537 3674 deesse
584 3632 855 3698 unquam
902 3619 1148 3698 potero,
1211 3612 1408 3677 donec
1444 3612 1771 3686 ,Ciceronis
1809 3610 2011 3677 officia
2044 3610 2105 3673 in
2141 3608 2355 3693 oculis,

315 3728 377 3791 in
429 3732 761 3817 manibus,
839 3733 900 3795 in
973 3734 1177 3797 animo
1253 3732 1523 3797 habebo.
1625 3732 1806 3795 Nunc
1879 3751 2057 3814 ver0,
2134 3736 2203 3792 ut
2248 3728 2363 3793 tibi

316 3851 474 3915 ratio
524 3866 804 3916 constare
853 3852 1048 3937 possit
1095 3852 1202 3916 otii
1250 3852 1411 3936 mei,
1466 3850 1935 3915 redhostimenti
1984 3850 2119 3915 loco
2175 3869 2361 3935 quae—

317 3971 581 4035 stionem
640 3992 1022 4057 proponam,
1076 3992 1195 4036 non
1243 3972 1415 4034 illam
1465 3972 1717 4056 quidem
1766 3970 1974 4055 magni
2024 3969 2361 4055 momenti,

317 4090 434 4155 sed
524 4111 681 4176 quae
753 4111 855 4155 me
927 4097 1131 4155 tamen
1203 4112 1323 4153 non
1397 4089 1550 4153 nihil
1623 4089 1918 4153 exercuit.
2029 4087 2365 4153 Praxitelis

235 4214 244 4221 '
312 4210 585 4298 patriam
634 4230 710 4273 an
758 4209 969 4273 nosti?
1068 4209 1193 4274 Cur
1240 4210 1475 4294 rogas?
1525 4209 1787 4294 inquies.
1888 4207 1989 4272 An
2041 4209 2194 4273 tanti
2229 4210 2364 4273 est?

419 4498 464 4585 ¹)
553 4500 758 4563 Edidit
801 4499 1092 4561 Graevius
1136 4520 1189 4559 a.
1243 4500 1403 4559 1688
1453 4498 1760 4558 Ciceronis
1802 4498 1991 4558 libros
2030 4497 2104 4558 de
2135 4498 2367 4561 officiis.
