2975 5209
1264 482 1394 548 153

293 683 356 746 in
433 681 838 769 Propertium
913 681 1166 766 labore,
1226 680 1289 744 id
1349 702 1524 766 sane,
1576 681 1664 744 mi
1710 679 2001 765 Hesseli‚
2052 699 2355 764 perquam

292 801 458 866 mihi
529 809 622 866 est
686 801 1053 886 jucundum.
1151 800 1374 886 Neque
1447 801 1611 865 enim
1684 799 1800 864 has
1876 798 2117 883 vigilias
2166 818 2240 860 eo
2289 796 2350 860 in

291 922 497 986 lucem
527 922 744 1006 emisi,
775 942 897 1006 quo
939 921 1136 984 doctis
1169 920 1314 983 viris
1350 919 1778 1006 displicerem,
1832 928 1934 983 aut
1970 917 2349 983 offenderem

291 1043 544 1127 ingenia
591 1043 669 1106 ad
739 1040 1078 1126 elegantias
1127 1040 1445 1104 Romanas
1494 1047 1639 1104 nata
1686 1061 1759 1102 ac
1805 1041 1987 1104 facta.
2087 1041 2351 1108 Plebem

293 1164 592 1228 minutam
656 1162 1008 1226 literionum
1073 1161 1224 1224 nihil
1293 1181 1473 1224 curo:
1546 1180 1666 1225 non
1716 1160 1907 1224 etiam
1955 1180 2139 1224 canes
2191 1162 2332 1226 illos

297 1281 772 1369 grammaticOS‚
851 1281 955 1368 qui
1026 1279 1180 1344 nihil
1242 1285 1482 1344 rectum
1550 1279 1807 1356 credunt
1852 1280 1973 1342 nisi
2019 1281 2185 1366 quod
2233 1281 2353 1366 ipsi

297 1403 590 1468 fecerunt.
689 1401 792 1465 De
860 1399 1211 1464 valetudine
1261 1401 1428 1486 quod
1477 1399 1633 1464 mihi
1678 1400 2036 1484 gratularis,
2085 1399 2239 1463 facis
2286 1407 2354 1464 tu

302 1522 550 1609 quidem
624 1521 859 1584 amice:
937 1519 1047 1584 sed
1126 1527 1307 1583 enata
1375 1528 1466 1583 est
1517 1520 1670 1582 mihi
1718 1521 1983 1584 molesta
2030 1521 2354 1584 ventriculi

300 1640 739 1726 intemperieS‚
791 1661 934 1703 cum
982 1639 1176 1703 multo
1227 1639 1351 1702 cibi
1396 1639 1665 1703 fastidio.
1769 1638 1944 1711 Quae
1993 1660 2093 1704 res
2142 1640 2351 1703 multis

298 1781 398 1824 me
467 1759 674 1825 modis
722 1760 886 1823 male
934 1759 1170 1844 habet3
1222 1760 1310 1822 ita
1357 1766 1424 1823 ut
1474 1766 1535 1822 et
1581 1759 1829 1844 ineptus
1880 1760 1998 1823 sim
2045 1759 2126 1823 ad
2174 1759 2352 1824 labo·

299 1901 461 1964 rem,
545 1885 607 1944 et
693 1879 834 1964 ipsa
916 1877 1072 1941 mihi
1137 1878 1481 1942 studiorum
1547 1881 1829 1942 tractatio
1894 1879 2351 1964 propemodum

301 1999 589 2084 sordeat3
653 2019 776 2064 non
827 1999 1007 2062 aliter
1055 2004 1240 2083 atque
1289 1997 1669 2062 mulierculis
1718 1997 1999 2061 accidere
2048 1998 2222 2082 ajunt
2270 2017 2351 2062 ex

299 2117 438 2203 pica
487 2118 570 2202 (Ρ)
638 2117 1086 2181 laborantibus,
1185 2115 1394 2202 Atque
1458 2116 1616 2180 haec
1665 2108 1885 2180 caussa
1934 2123 2027 2180 est
2076 2137 2182 2180 cur
2232 2138 2350 2180 non

297 2234 712 2321 respondeam
811 2233 892 2298 ad
999 2235 1482 2301 officiosissimas
1552 2237 1763 2300 literas
1835 2237 2345 2321 praestantissimi

295 2355 530 2440 Elgeri.
634 2354 748 2419 Oui
813 2363 916 2434 tu,
985 2377 1146 2441 quae
1192 2362 1300 2420 tua
1348 2363 1441 2421 est
1488 2356 1873 2440 humanitas,
1926 2357 2109 2421 facile
2158 2378 2343 2421 excu·
2402 2395 2409 2406 -

299 2475 464 2539 sabis
535 2475 698 2539 hano
767 2496 971 2540 meam
1049 2476 1451 2540 rusticitatem
1520 2477 1685 2540 haud
1734 2497 2043 2562 quaquam
2092 2486 2348 2563 sponta-

299 2614 496 2659 neam.
529 2592 681 2658 Feci
702 2599 928 2679 tamen,
965 2594 1054 2656 uti
1085 2595 1366 2680 petebas,
1407 2595 1705 2680 exiguum
1737 2595 2252 2681 epigrammation
2278 2598 2342 2681 ¹);

302 2712 463 2799 quod
512 2713 747 2777 utinam
797 2734 875 2777 ne
923 2713 1152 2777 referat
1201 2713 1434 2777 domini
1483 2716 1579 2777 sui
1624 2715 2006 2798 languorem.
2106 2713 2233 2778 Sed
2281 2723 2348 2779 tu

301 2832 581 2915 videbis,
659 2833 765 2919 qui
830 2834 1063 2918 optime
1133 2839 1332 2918 potes,
1432 2832 1595 2897 Vale
1662 2835 1750 2896 mi
1795 2831 2086 2921 Hesseli,
2139 2842 2199 2899 et
2246 2856 2347 2898 me

301 2973 506 3018 amare
553 2974 767 3038 perge.

1151 3125 1427 3141 ssaemf-toe.
1434 3124 1497 3140 'svs‘
1504 3128 1513 3139 J

1177 3226 1472 3292 CXXXI.

1017 3419 1324 3483 francisco
1370 3418 1632 3484 Hesselio

1020 3531 1188 3594 lanus
1233 3530 1635 3595 Broukhusius.

392 3697 630 3762 Invitus
681 3698 862 3762 audio
901 3748 916 3784 ‚
972 3699 1061 3762 mi
1107 3699 1398 3784 Hesseli‚
1453 3698 1531 3763 de
1567 3706 1672 3762 tua
1703 3697 2086 3762 valetudine:
2141 3718 2356 3783 quam·

303 3838 488 3903 quam
565 3823 627 3882 et
693 3817 847 3881 mihi
897 3839 1040 3882 mea
1089 3839 1210 3882 non
1263 3825 1357 3881 est
1403 3819 1585 3882 nimis
1633 3839 1963 3906 prospera,
2016 3820 2096 3884 ab
2133 3819 2355 3884 immo·

303 3936 520 4000 derato
594 3937 856 4022 pituitae
938 3937 1208 4000 defluxu,
1308 3936 1630 4022 Respiciet
1678 3959 1828 4023 nos,
1882 3960 2097 4025 spero,
2149 3937 2349 4002 Salus.

300 4055 554 4120 Interim
614 4056 887 4120 feramus
935 4057 1280 4142 patienter,
1331 4056 1498 4143 quod
1547 4063 1786 4122 mutare
1834 4079 1954 4122 non
2001 4079 2351 4144 possumus.

300 4173 600 4259 Magnum
672 4175 916 4262 utrique
991 4177 1267 4240 nostrum
1339 4177 1435 4241 vel
1512 4178 1856 4241 remedium
1918 4179 2019 4242 vel
2068 4178 2357 4242 solatium

399 4386 441 4462 ¹)
529 4389 604 4446 D.
673 4389 896 4446 XXIII
959 4389 1163 4448 Martii
1237 4392 1396 4448 1702
1463 4392 1533 4448 Β.
1575 4391 1904 4468 composuit
1960 4412 2231 4451 carmen:
2281 4392 2357 4450 In

306 4475 596 4534 Gulielmi
641 4475 860 4552 Elqeri
905 4475 1284 4534 Emblemata
1335 4480 1645 4536 amatoria
1691 4479 1950 4555 (Poem,
1997 4497 2134 4556 pag.
2186 4478 2353 4551 251).
