2975 5209
1584 502 1622 563 6

573 696 872 762 Coloniae
957 695 1178 760 urbem
1264 694 1618 777 cinxerunt,
1714 693 1989 758 interfuit
2079 701 2140 757 et
2228 694 2617 781 expeditioni

571 815 967 879 felicissimae
1035 814 1114 878 ad
1166 813 1579 905 ⁸Covordam,
1632 813 1801 899 quod
1850 814 2174 878 castellum
2227 836 2264 878 a
2314 814 2624 880 Monaste-

570 934 876 999 riensibus
945 941 1315 1020 occupatum
1364 933 1822 1018 Rabeuhaupt,
1887 933 2015 996 dux
2063 935 2459 1019 praeclarus,
2515 956 2629 1000 ex·-

571 1054 874 1140 pugnavit
917 1056 978 1137 ¹).
1077 1052 1205 1116 Vix
1272 1053 1488 1138 primis
1560 1051 1884 1138 stipendiis
1951 1052 2131 1116 factis
2198 1052 2454 1138 signifer
2514 1054 2629 1119 fuit

575 1179 820 1237 creatus
891 1179 951 1237 et
1017 1172 1286 1236 mirabili
1347 1192 1494 1236 casu
1546 1192 1685 1235 cum
1736 1170 1999 1235 Nicolao
2040 1172 2305 1237 Heinsio
2360 1174 2521 1239 venit
2568 1175 2629 1239 in

569 1291 1068 1357 familiaritatem.
1169 1291 1466 1357 Heinsius
1500 1294 1589 1376 2),
1664 1292 1768 1377 qui
1826 1293 2074 1379 saepius
2126 1314 2381 1359 munere
2436 1295 2630 1380 legati

575 1410 882 1475 Ordinum
949 1411 1384 1496 Generalium,
1456 1412 1739 1497 inprimis
1788 1412 1848 1474 in
1898 1410 2161 1498 Suecia,
2213 1412 2625 1500 fungebatur,

574 1535 702 1593 tum
751 1530 1024 1595 maxime
1072 1538 1214 1617 post
1263 1531 1454 1595 vitam
1503 1531 1786 1594 fortunae
1836 1531 2329 1597 vicissitudinum
2381 1534 2631 1619 plenam

575 1648 767 1715 otium
838 1656 1022 1736 atque
1091 1650 1359 1737 quietem
1412 1650 1717 1736 petiturus
1768 1658 1900 1715 crat
1946 1652 2007 1715 in
2058 1652 2359 1737 oppidulo
2407 1652 2635 1731 Viana2
2683 1740 2687 1744 ι

572 1766 674 1832 Illi
724 1767 1024 1833 Francius
1073 1768 1454 1833 Broukhusii
1506 1770 1779 1833 carmina
1831 1771 2121 1834 nonnulla
2157 1772 2355 1856 misit,
2397 1771 2633 1837 addens

576 1888 653 1953 ab
706 1888 904 1952 amico
932 1888 1202 1975 quodam
1229 1910 1340 1959 suo
1369 1910 1444 1953 ea
1469 1890 1700 1975 scripta
1728 1911 1903 1975 esse3
1944 1890 2239 1955 Heinsius
2274 1898 2478 1956 tamen
2514 1912 2623 1957 ex-

572 2007 866 2073 istimavit
912 2006 1246 2072 Francium
1293 2008 1499 2095 ipsum
1523 2030 1658 2073 esse
1688 2013 2081 2094 auct.orem³).
2168 2010 2410 2076 Certior
2435 2012 2634 2076 factus

457 2146 470 2162 ·
575 2128 848 2192 carmina
879 2128 960 2192 ab
996 2128 1118 2193 alio
1153 2148 1290 2192 esse
1328 2128 1708 2214 composita,
1746 2127 2043 2193 Heinsius
2077 2128 2326 2195 Francii
2362 2132 2630 2195 amicum
2736 2202 2739 2205 ,

667 2424 709 2503 1)
796 2427 952 2487 Vide
997 2445 1272 2486 carmen:
1325 2426 1429 2485 Ad
1477 2424 1763 2485 Carolum
1812 2427 2250 2504 Babenhaupt,
2311 2432 2633 2505 copiarum

562 2515 947 2590 pedestrium
1007 2514 1300 2590 leyatum,
1364 2512 1437 2570 ab
1499 2518 1849 2588 expuynata
1907 2513 2148 2571 Gravia
2196 2515 2621 2574 Amstelaeda-

572 2618 732 2657 mum
777 2600 1054 2658 reducem
1101 2597 1247 2674 (l..l,
1292 2616 1430 2675 pag.
1481 2600 1647 2673 461).

657 2704 709 2782 2)
797 2708 1082 2767 Nicolaus
1114 2708 1428 2783 Heinsius,
1481 2707 1755 2766 Danielis
1784 2707 1975 2781 filius,
2009 2714 2187 2768 natus
2220 2715 2310 2768 est
2336 2710 2619 2787 Lugduni

574 2812 626 2852 a.
660 2848 665 2853 .
697 2796 874 2853 1620.
980 2793 1138 2853 Visit
1195 2794 1517 2872 Angliam,
1600 2793 1895 2868 Galliam,
1961 2794 2241 2869 Italiam,
2314 2796 2621 2873 Sueciamt,

575 2878 802 2956 ubique
868 2879 1260 2956 investigavit
1327 2879 1565 2937 codices
1627 2897 1811 2937 manu
1879 2879 2129 2957 scriptos
2174 2881 2339 2938 iussu
2372 2880 2623 2939 Christi-

572 2982 722 3037 nae,
817 2964 1070 3023 Sueciae
1155 2964 1458 3042 Regina03
1570 2964 1754 3024 edidit
1844 2963 2159 3039 Ovidium,
2246 2965 2621 3043 Vergilium,

574 3049 888 3107 Valerium
943 3049 1258 3122 Flaccum,
1307 3050 1518 3108 Silium
1560 3049 1873 3121 Italicum,
1919 3044 2095 3109 aliosl
2180 3050 2347 3110 Obiit
2402 3053 2619 3129 Hagae

577 3134 878 3194 Comitum
922 3154 976 3195 a.
1030 3138 1207 3193 1681.

669 3232 718 3311 ³)
817 3236 1068 3315 Scripsit
1161 3237 1448 3295 Heinsius
1542 3237 1798 3296 Francio
1894 3237 1949 3294 d.
2046 3238 2233 3294 XXX
2326 3238 2476 3296 Julii
2570 3256 2623 3297 a.

587 3324 746 3381 1673
818 3322 1007 3399 (videt
1079 3324 1250 3383 Petri
1316 3323 1575 3390 Francii
1621 3324 1969 3382 Posthuma.
2067 3322 2295 3395 Quibus
2344 3324 2631 3383 accedunt

581 3408 924 3467 illustrium
984 3410 1368 3467 eruditorum
1428 3409 1510 3465 ad
1565 3410 1816 3467 eundem
1876 3409 2186 3485 epistolae.
2291 3410 2627 3468 ‚Amstelae-

585 3495 783 3568 dami,
853 3494 954 3552 Ea>
1017 3494 1294 3569 ‚officina
1374 3492 1820 3568 Wetsteniana‚
1867 3492 2205 3569 MDOOVI,
2252 3514 2389 3572 pag.
2442 3495 2623 3568 339):

588 3580 882 3653 ,Venusti
948 3578 1191 3637 omnino
1259 3584 1320 3637 et
1386 3579 1585 3655 arguti
1645 3584 1785 3637 sunt
1828 3578 2137 3653 versiculi,
2184 3598 2439 3655 quorum
2482 3580 2628 3638 mihi

583 3664 817 3741 copiam
897 3664 1171 3741 proxime
1244 3663 1530 3721 faciebas.
1640 3663 1972 3737 Adderem,
2059 3668 2121 3723 te
2195 3665 2407 3743 dignos
2480 3665 2628 3722 mihi

579 3748 806 3824 videri,
865 3749 981 3807 nisi
1039 3755 1107 3808 tu
1165 3748 1422 3807 amicum
1473 3749 1677 3807 nescio
1724 3767 1904 3825 quem
1946 3750 2019 3807 iis
2076 3756 2381 3809 auctorem
2427 3750 2622 3809 dares.

583 3835 965 3912 Quamquam
1009 3834 1106 3893 vel
1151 3834 1234 3893 sic
1276 3840 1338 3895 te
1382 3834 1497 3893 tibi
1540 3834 1796 3892 amicum
1842 3853 2005 3909 esse,
2072 3835 2153 3893 mi
2209 3836 2459 3911 Franci,
2506 3836 2625 3910 nil,

583 3926 763 3999 put0,
821 3920 1090 3999 impedit.
1183 3919 1374 3978 Ovum
1436 3937 1551 3978 ovo
1610 3919 1983 3979 mehercules
2040 3920 2293 3979 similius
2336 3940 2456 3980 non
2504 3926 2625 3995 est,

583 4024 764 4083 quam
826 4006 1008 4066 Petro
1075 4005 1366 4080 Francio,
1455 4005 1894 4083 elegantiarum
1961 4023 2169 4083 promo
2242 4007 2584 4065 felicissimo
2608 4050 2623 4081 ,

583 4096 810 4154 amicus
856 4095 962 4154 ille
1007 4091 1035 4152 ὃ
1077 4083 1250 4154 δεῖνα.
1297 4094 1359 4154 Si
1403 4100 1470 4153 tu
1514 4114 1609 4169 me
1662 4095 2011 4155 fraudatum
2056 4096 2255 4173 cupis,
2324 4104 2429 4157 aut
2480 4116 2617 4175 par-

579 4199 647 4239 ce
690 4182 1019 4259 impertiris
1061 4180 1293 4259 ingenii
1333 4182 1422 4239 tui
1461 4181 1789 4239 Heliconiis
1820 4182 2249 4259 proventibus,
2280 4182 2375 4241 fac
2408 4184 2622 4242 saltem

582 4266 808 4325 amicus
852 4266 956 4325 ille
999 4267 1276 4343 ignotae,
1325 4266 1426 4342 qui
1457 4272 1519 4326 te
1550 4267 1623 4324 ad
1658 4286 1918 4344 unguem
1953 4272 2166 4325 exacte
2196 4266 2417 4339 refert,
2450 4268 2625 4327 nobis

581 4371 706 4411 non
763 4352 1181 4428 infrequenter
1240 4370 1446 4410 aurem
1494 4352 1831 4411 demulceat
1874 4352 1935 4410 in
1980 4358 2306 4430 posterum.
2397 4354 2548 4413 Uter
2594 4371 2627 4411 e

580 4438 753 4497 vobis
798 4438 895 4496 vel
941 4437 1272 4496 Mercurius
1317 4438 1394 4496 sit
1441 4437 1534 4495 vel
1580 4437 1752 4496 Sosia
1802 4456 1927 4497 non
1957 4439 2174 4514 refert,
2208 4439 2348 4497 dum
2380 4439 2647 4501 alternis-

520 4556 530 4564 ·
583 4522 824 4582 audiam
870 4528 1216 4598 cantantes,
1263 4522 1360 4581 vel
1409 4523 1764 4583 alterutrum
1810 4524 1872 4581 in
1919 4523 2170 4585 altero.‘’
