2975 5209
1265 479 1344 542 91

304 696 412 739 non
505 674 811 739 dubitavit
883 675 1131 763 publice
1207 655 1370 761 prae·
1425 695 1494 738 se
1570 674 1737 751 ‘ferre
1810 696 1985 760 spe-m
2060 675 2333 760 opimam

301 815 468 880 quam
517 795 772 860 fovebat
820 795 1152 860 cathedrae
1206 795 1663 880 Lugdunensis,
1718 794 1784 858 Si
1819 793 2149 880 aliquando
2176 793 2329 858 Per-

301 914 443 978 sium
490 915 568 978 sit
617 915 925 1002 editurus,
968 935 1110 978 nam
1143 915 1196 979 is
1222 917 1415 1000 vulgo
1442 936 1585 978 cum
1613 914 1917 980 Juvenale
1935 914 2214 999 jungitur
2256 914 2331 997 ¹),

295 1035 420 1120 ipsa
467 1034 852 1121 experientia
905 1035 1157 1100 edoctus
1209 1036 1585 1123 pulcerrime
1633 1034 1972 1119 intelliget,
2027 1038 2321 1119 quantum

298 1154 368 1217 sit
407 1155 467 1220 in
517 1154 705 1218 rebus
754 1155 952 1220 inane.
1051 1154 1214 1219 Vale
1262 1155 1375 1257 V.i¹'
1425 1154 1819 1239 Clarissime,
1874 1161 1935 1218 et
1994 1136 2328 1217 Broukhu-

297 1275 442 1338 sium
476 1281 651 1340 tuum
677 1297 887 1340 amare
913 1296 1124 1362 perge.
1169 1275 1647 1340 Amstelodami.
1680 1277 1765 1340 25
1798 1274 2097 1340 Februar.
2132 1275 2329 1338 1692.

1107 1416 1270 1432 Μίνω-Γ
1282 1413 1512 1431 ”Awsffsts

1161 1488 1456 1553 LXXVI.

924 1597 1113 1661 loanni
1161 1596 1405 1680 Georgia
1453 1595 1694 1660 Graevio
1742 1659 1751 1686 ⁸

1009 1699 1178 1764 lanus
1223 1700 1623 1765 Broukhusius.

380 1816 606 1880 Libros
657 1820 831 1901 tuoe,
889 1812 1264 1880 amicissime
1312 1814 1582 1899 Graevi,
1620 1836 1775 1898 quos
1809 1813 2067 1900 petebas
2106 1833 2328 1899 nuper,

287 1937 414 2020 jam
464 1935 716 2000 tandem
766 1935 981 2020 mitte,
1054 1956 1169 1999 nec
1218 1935 1391 2021 potui
1439 1937 1766 2020 maturiuS,
1836 1955 1911 1998 eo
1963 1933 2129 2018 quod
2176 1932 2333 1996 Bur-

290 2058 421 2142 gius
449 2059 498 2141 2)
573 2056 808 2142 aliquot
877 2055 1011 2118 dies
1062 2075 1201 2119 rure
1252 2077 1319 2120 se
1372 2056 1705 2136 continuit,
1780 2062 1840 2119 et
1889 2064 2029 2119 aute
2078 2054 2333 2118 biduum

293 2175 534 2240 demum
604 2175 788 2239 rediit
865 2176 1139 2239 domum.
1240 2175 1461 2240 Habes
1529 2183 1588 2240 et
1652 2177 1859 2239 literas
1921 2196 1957 2238 a
2004 2172 2217 2236 Winio
2263 2175 2328 2257 3).

291 2295 388 2359 De
435 2297 554 2360 tuis
606 2283 744 2359 cum
796 2295 1062 2388 Heinsio
1115 2295 1395 2360 diatribis
1459 2317 1646 2382 super
1716 2295 2045 2381 Propertio
2102 2293 2335 2356 utinam

291 2417 560 2500 cogitare
610 2417 807 2502 velis,
861 2417 947 2479 mi
995 2423 1208 2502 pater3
1263 2437 1338 2480 ea
1387 2423 1592 2480 tamen
1641 2418 1809 2502 lege,
1865 2421 1929 2479 ut
1972 2414 2035 2478 id
2067 2416 2335 2478 fiatcum

291 2536 617 2600 commodo
693 2543 816 2600 tuo.
923 2535 1167 2600 Heinsii
1219 2557 1444 2601 nomen
1496 2537 1747 2600 alterius
1798 2535 2125 2620 cujusdam
2172 2554 2334 2598 mor-

288 2655 425 2719 talis
502 2675 602 2719 me
671 2661 924 2741 monet,
1011 2677 1193 2740 quem
1245 2656 1308 2719 id
1359 2657 1533 2740 ajunt
1580 2656 1741 2720 serio
1782 2677 2009 2740 agere,
2060 2661 2123 2718 ut
2175 2655 2336 2718 cele·

287 2773 594 2838 bei-rimae
666 2774 870 2838 famae
936 2774 1264 2840 trifurcifer
1326 2775 1403 2838 D.
1458 2775 1685 2839 Bidloo
1739 2781 1977 2844 creetur
2026 2774 2338 2840 Historio-

287 2894 559 2980 graphus
639 2893 943 2957 Ordinum
993 2894 1376 2959 Hollandiae
1414 2896 1482 2980 4).
1587 2895 1770 2968 Quod
1820 2897 1871 2958 si
1921 2895 2074 2958 Nisa
2112 2893 2335 2980 Mopso

286 3013 556 3099 dabitur,
613 3014 758 3101 quid
810 3036 928 3078 non
965 3037 1286 3101 speremus
1315 3024 1591 3079 amantes
1616 3017 1717 3098 5)?
1768 3014 1895 3079 Sed
1917 3015 2335 3098 fortassejam

287 3154 364 3198 eo
410 3141 660 3199 ventum
711 3141 842 3220 est,
897 3142 962 3198 ut
1012 3137 1334 3201 saeculum
1385 3136 1505 3200 hoc
1554 3143 1825 3200 nostrum
1862 3134 2336 3217 virtutibussuis

289 3253 539 3340 dignum
622 3256 889 3320 nancisci
999 3256 1226 3321 debeat
1303 3274 1702 3342 praeconem.
1841 3253 1980 3319 Non
2048 3253 2333 3338 equidem

287 3375 530 3440 invideo
543 3426 562 3458 ,
612 3397 812 3462 neque
863 3376 1133 3441 hederas
1183 3397 1355 3441 meas
1403 3375 1749 3463 splendidis
1781 3375 1913 3439 istis
1946 3375 2126 3438 aulae
2150 3373 2335 3436 fumis

290 3493 552 3560 mutatas
604 3489 829 3574 velim,

384 3601 630 3685 Quippe
678 3601 872 3664 cliens
926 3599 1203 3685 Bacchi,
1260 3620 1476 3664 somno
1522 3599 1858 3684 yaudentis
1916 3605 1970 3662 et
2004 3597 2232 3661 umbra
2263 3599 2333 3681 ⁰).

292 3710 388 3775 De
474 3711 771 3776 Petronio
845 3712 1066 3798 ecquid
1116 3710 1464 3776 inaudiisti?
1564 3689 1982 3774 Vehementer
2044 3708 2331 3795 opt-arim,

291 3821 530 3909 rupisse
590 3822 728 3906 jam
796 3843 1074 3888 carceres
1087 3873 1108 3906 ‚
1185 3829 1244 3887 et
1294 3821 1458 3909 quod
1509 3822 1726 3886 venale
1775 3821 1965 3886 habet
2009 3820 2337 3908 propalam

295 3939 621 4000 ostentare.
708 3931 840 3998 Aut
914 3934 1096 3999 valde
1147 3955 1262 4018 ego
1314 3933 1533 4018 fallor,
1588 3941 1693 3997 aut
1733 3933 2009 3997 Cumano
2042 3933 2146 3996 isti
2178 3931 2337 3996 deri-

387 4085 430 4160 ¹)
517 4085 858 4145 Herminius
901 4105 955 4143 a.
1010 4087 1169 4144 1685
1216 4085 1523 4145 Iuvenalis
1567 4085 1793 4146 Satiras
1839 4086 2041 4148 edidit.

377 4169 432 4244 ²)
519 4173 742 4248 Ignoro
787 4172 1108 4230 hominem.

381 4253 431 4331 3)
519 4257 736 4316 Nescio
781 4257 913 4334 quis
956 4258 1156 4316 fuerit.

379 4341 432 4416 4)
521 4343 637 4401 Illa
697 4362 842 4401 cura
885 4342 1116 4402 medico
1165 4344 1556 4404 celeberrimo
1600 4334 1722 4404 non
1770 4351 1861 4405 est
1904 4347 2207 4406 mandata.

380 4425 434 4501 5)
522 4429 728 4507 Virg.,
773 4429 900 4488 Ecl.
949 4431 1018 4503 8,
1068 4449 1149 4488 vs,
1202 4433 1298 4488 26.

383 4511 436 4590 ⁰)
523 4515 710 4594 Hor.,
755 4515 901 4597 Ep„
945 4515 1040 4595 II,
1092 4519 1158 4594 2,
1205 4535 1288 4574 vs.
1340 4518 1438 4578 78.
