2975 5209
1325 485 1452 558 14⁷

348 709 460 753 me
521 692 690 752 recta
753 691 932 772 eunt,
984 685 1116 753 fere
1165 687 1604 774 negliguntur,
1657 694 1763 753 aut
1812 689 2004 754 etiam
2052 689 2239 778 plane
2288 687 2412 779 dis-3

346 813 634 892 pereunt.
730 805 965 871 Iterum
1013 807 1152 872 vale
1203 827 1408 872 meum
1460 808 1671 873 decus.

1181 995 1286 1010 VM

1239 1120 1479 1186 cxxv
1508 1123 1576 1206 ¹).

1035 1262 1342 1328 francisco
1388 1263 1647 1328 Hesselio
1678 1267 1725 1342 ²)

1080 1374 1248 1438 lanus
1294 1373 1697 1438 Broukhusius.

452 1507 862 1593 Languebam
908 1529 1028 1572 non
1078 1506 1231 1571 nihil
1277 1505 1376 1570 his
1426 1506 1689 1594 diebus,
1741 1507 1828 1572 mi
1874 1506 2168 1595 Hesseli,
2222 1529 2413 1597 quum

358 1626 706 1714 acciperem
775 1626 984 1690 literas
1053 1631 1226 1691 tuas:
1310 1647 1509 1712 neque
1584 1626 1772 1692 etiam
1844 1649 2005 1692 nunc
2053 1628 2203 1693 satis
2248 1627 2415 1695 belle

360 1745 606 1812 habeo:
644 1746 774 1810 sive
807 1745 964 1812 haec
997 1752 1089 1810 est
1123 1745 1475 1832 corpusculi
1498 1746 1619 1811 mei
1646 1746 2073 1829 imbecillitas,
2098 1747 2235 1814 ‘sive
2255 1747 2415 1814 coeli

362 1872 422 1930 et
473 1866 788 1931 caniculae
837 1865 1252 1953 intemperies.
1355 1864 1536 1931 Haec
1573 1865 1689 1930 fuit
1731 1887 1951 1932 caussa
1970 1865 2197 1932 dilatae
2224 1865 2415 1955 scrip-

359 1983 560 2049 tionis,
658 1982 915 2070 Elegia,
969 2004 1155 2070 quam
1204 1984 1460 2070 misisti,
1512 1984 1673 2050 bene
1704 1986 1969 2073 placuit:
2022 1984 2167 2052 ideo
2194 1985 2411 2074 paullo

359 2103 715 2170 uberiorem
805 2103 1130 2189 volebam,
1238 2104 1605 2190 praesertim
1694 2104 1754 2168 in
1846 2111 2210 2191 argumento
2287 2113 2411 2171 tam

361 2223 652 2311 benigno.
749 2223 823 2288 In
893 2223 1108 2288 ultimo
1174 2244 1392 2309 versu,
1444 2244 1561 2312 pro
1614 2223 1915 2288 Libertas
1963 2225 2209 2312 valeat,
2260 2224 2409 2291 vide

325 2343 414 2408 ‘si
461 2344 576 2409 tibi
624 2343 896 2409 arridere
942 2348 1154 2430 potest
1199 2346 1224 2408 i
1290 2343 1458 2408 bona
1516 2343 1831 2408 LibertaS.
1928 2343 2280 2431 Epistolam
2330 2344 2413 2410 ad

362 2463 632 2528 amicum
678 2449 853 2527 tuum
897 2462 1223 2548 Elgerium
1261 2464 1308 2547 3)
1360 2484 1481 2550 quo
1534 2464 1731 2528 minus
1780 2462 1940 2528 otiis
1972 2465 2094 2528 tuis
2126 2462 2411 2550 Haganis

362 2582 657 2667 adjicias,
711 2582 862 2646 nihil
912 2583 1203 2670 equidem
1248 2582 1586 2647 intercedo.
1685 2583 1849 2649 Puto
1899 2589 2105 2649 tamen
2145 2590 2208 2650 te
2236 2589 2403 2650 recte

361 2707 544 2790 atque
594 2701 808 2768 ordine
856 2701 1190 2788 facturum,
1228 2703 1281 2766 si
1310 2702 1586 2788 singulos
1614 2701 1750 2786 ejus
1769 2684 2081 2789 'epistolae
2115 2703 2410 2769 articulos

359 2822 573 2908 paullo
637 2823 819 2885 latius
871 2830 1054 2908 atque
1105 2821 1442 2886 distinctius
1484 2819 1778 2907 diducas,
1830 2842 2154 2909 ponasque
2206 2821 2413 2886 omnia

359 2941 421 3003 in
486 2941 626 3006 luce
675 2941 987 3028 aliquanto
1039 2941 1319 3006 clariore.
1419 2940 1641 3027 Neque
1692 2940 1855 3005 enim
1903 2963 2003 3008 res
2048 2947 2177 3006 tam
2222 2940 2411 3027 longe

359 3067 576 3146 patens
649 3061 797 3124 satis
871 3061 1200 3125 commode
1251 3059 1553 3146 explicari
1602 3065 1809 3145 potest
1860 3060 2134 3145 angustis
2186 3058 2407 3124 finibus

359 3180 662 3267 epistolae
710 3202 832 3245 non
879 3181 1142 3266 longae,
1196 3179 1305 3243 ubi
1353 3179 1549 3265 ipsius
1591 3177 1681 3243 rei
1730 3178 1935 3264 capita
1968 3178 2164 3264 digito
2200 3178 2411 3265 potius

307 3299 756 3385 'designantur
819 3320 1003 3385 quam
1076 3297 1535 3364 describuntur.
1634 3296 1853 3384 Neque
1928 3302 2136 3362 tamen
2194 3302 2413 3362 auctor

359 3437 533 3502 sum,
607 3426 675 3482 ut
747 3419 914 3483 dicas
991 3418 1289 3506 quidquid
1369 3417 1470 3482 hic
1546 3415 1664 3481 dici
1703 3422 1931 3503 potest.
1981 3447 1989 3452 ’
2031 3416 2412 3482 Brevitatem

357 3538 570 3622 paullo
637 3535 1023 3603 diffusiorem
1091 3537 1422 3623 desidero,
1477 3537 1590 3602 sed
1641 3557 1799 3623 quae
1847 3542 2053 3602 tamen
2102 3535 2241 3624 ipsa
2290 3555 2414 3601 non

359 3654 598 3720 desinat
665 3655 868 3720 brevis
918 3677 1074 3722 esse.
1173 3655 1493 3744 Exemplo
1550 3655 1661 3720 tibi
1712 3657 1868 3743 sint,
1922 3677 2083 3743 quae
2129 3653 2409 3719 Muretus

436 3823 476 3899 ¹)
578 3826 651 3882 In
693 3827 955 3885 Archivo
1001 3827 1614 3885 Amstelaedamensi.

446 3912 491 3984 2)
579 3911 935 3970 Franciscus
964 3913 1276 3971 Hesselius
1309 3913 1821 3988 (1680—1746),
1862 3907 2413 3984 Roterodamensis,

359 3997 564 4069 Jews,
630 4015 683 4054 a.
758 4000 918 4055 1702
985 3998 1048 4055 in
1116 3999 1267 4056 urbe
1321 3998 1521 4075 patria
1569 3995 1861 4056 historiae
1917 3999 1979 4054 et
2022 3994 2412 4070 eloquentiae

357 4082 790 4160 professionem
855 4084 1133 4161 suscepit.
1223 4083 1451 4142 Eodem
1510 4089 1785 4160 tempore
1845 4079 2031 4140 edidit
2092 4079 2235 4138 Otia
2279 4081 2411 4139 Ha-

357 4187 556 4244 9ana,
625 4167 886 4244 elegias,
953 4188 1103 4245 quas
1170 4167 1549 4226 Broukhusio
1600 4175 1659 4226 et
1703 4166 1960 4225 Francio
2006 4164 2249 4225 dicavit.
2338 4166 2411 4224 Β.

359 4253 698 4312 Hesselium
743 4254 1108 4312 carminibus
1153 4254 1484 4312 celebravit
1531 4253 1635 4328 (cf.
1671 4253 1917 4326 ‚Poem.,
1959 4270 2097 4330 pag.
2137 4253 2411 4326 27,269).

448 4334 497 4411 3)
585 4339 839 4397 Willem
868 4339 986 4398 den
1018 4340 1202 4416 Elger
1227 4341 1586 4415 (1677--17
1596 4339 1737 4411 03),
1772 4337 2096 4415 Haganus,
2130 4335 2417 4416 Lugduni

359 4441 606 4501 operam
658 4423 825 4483 dedit
882 4425 1171 4484 scientiae
1222 4425 1386 4483 iuris.
1478 4422 1849 4502 Tragoedias
1894 4421 2223 4482 nonnullas
2269 4421 2412 4480 Gal-

359 4509 510 4570 licas
555 4509 738 4570 vertit
779 4510 1062 4591 Belgice..
