2975 5209
1600 465 1729 529 144

637 657 877 723 Salutat
927 667 986 724 te
1025 667 1234 724 noster
1266 660 1811 746 Hoogstratanus,
1848 663 2025 745 cujus
2060 661 2351 726 Carmina
2384 663 2607 726 Latina
2644 664 2685 746 ¹)

640 779 810 842 brevi
861 780 1124 843 videbis.
2256 775 2269 784 “

731 899 800 960 ln
853 920 1060 964 eremo
1112 899 1484 963 suburbano
1546 904 1627 964 18
1680 899 1829 963 Julii
1888 904 2089 968 1700.

1503 1189 1797 1254 CXXIII.

1271 1359 1461 1423 loanni
1509 1356 1757 1440 Georqio
1803 1356 2046 1422 Graevio

1353 1470 1521 1533 lanus
1566 1468 1969 1533 Broukhusius.

727 1635 941 1698 Huetii
999 1634 1305 1698 Poemata
1339 1637 1418 1718 2),
1487 1643 1547 1699 te
1599 1635 1864 1698 donante
1915 1635 1997 1697 mi
2048 1646 2260 1720 pater,
2315 1639 2480 1699 recte
2534 1637 2681 1700 mihi

626 1754 875 1816 tradidit
925 1764 1130 1820 noster
1181 1755 1449 1837 Halma,
1506 1756 1935 1818 munusculum
1998 1756 2201 1818 animo
2246 1777 2384 1820 meo
2424 1758 2677 1841 egregie

628 1895 872 1950 carum,
945 1882 1004 1938 et
1071 1896 1184 1938 suo
1256 1876 1450 1960 ip÷ius
1520 1875 1758 1960 preti0,
1814 1885 1874 1938 et
1925 1875 2020 1938 vel
2074 1876 2343 1941 maxime
2394 1898 2431 1939 a
2481 1877 2681 1940 dantis

628 2013 828 2056 manu.
933 1993 1139 2066 Quare
1199 1995 1440 2078 gratias·
1482 1993 1593 2058 tibi
1644 2015 1803 2077 ago,
1856 1992 1970 2055 Vir
2020 1993 2412 2078 clarissime,
2459 2001 2521 2057 et
2570 2017 2680 2081 pro

625 2113 741 2176 hac
789 2121 895 2176 tua
943 2114 1358 2178 munificentia
1408 2121 1468 2176 et
1516 2135 1629 2199 pro
1679 2114 1785 2176 illo
1840 2121 1941 2176 tuo
1995 2115 2418 2198 prolixissimo
2470 2117 2531 2178 in
2576 2137 2673 2178 me

626 2232 828 2295 studio
891 2245 1074 2319 atque
1139 2255 1387 2316 amore,
1445 2255 1629 2318 quem
1682 2255 1799 2318 ego
1850 2234 1911 2295 in
1962 2234 2164 2318 prima
2212 2251 2399 2318 parte
2445 2257 2681 2320 ponere

624 2353 796 2416 soleo
869 2353 1178 2417 felicitatis
1241 2375 1440 2417 meae.
1544 2353 1642 2416 De
1710 2374 1850 2416 meo
1911 2353 2242 2438 Propertio
2303 2353 2539 2417 tardius
2593 2371 2680 2416 est

624 2472 939 2555 negotium
989 2479 1170 2558 atque
1221 2494 1340 2556 ego
1393 2472 1563 2534 initio
1618 2471 1834 2556 rebar3
1888 2473 2158 2535 nondum
2214 2474 2268 2536 ei
2318 2494 2537 2536 manus
2572 2473 2678 2536 ad-

627 2600 792 2659 mota
856 2599 963 2656 est.
1067 2591 1284 2678 Neque
1351 2613 1468 2676 ego
1542 2593 1719 2656 valde
1777 2597 2051 2676 urgeo,
2091 2587 2233 2678 quin
2299 2594 2423 2656 imo
2476 2594 2528 2656 si
2580 2616 2677 2658 res

624 2722 786 2775 esset
833 2711 1102 2796 integra,
1159 2731 1488 2796 numquam
1541 2711 1728 2775 credo
1778 2719 2209 2796 perrumperet
2242 2713 2467 2775 clatros
2498 2712 2678 2776 labor

624 2830 758 2913 hic,
823 2852 1006 2916 quem
1057 2852 1210 2916 eg0,
1265 2839 1330 2894 ut
1379 2851 1538 2892 nunc
1590 2830 1839 2914 quidem
1889 2840 2029 2892 sunt
2077 2851 2319 2915 mores,
2372 2831 2677 2894 uni.mihi

623 2951 916 3014 sumsisse
990 2951 1337 3032 debebam,
1405 2971 1525 3013 non
1600 2950 1672 3012 iis
1746 2950 1849 3035 qui
1920 2949 2038 3011 sibi
2102 2949 2305 3012 Laelii
2356 2971 2427 3013 ac
2476 2949 2677 3014 Persii

626 3073 906 3134 videntur
971 3072 1154 3155 hujus
1224 3071 1431 3135 fatuae
1480 3068 1883 3154 tempestatis,
1984 3067 2164 3132 Nunc
2211 3079 2417 3132 autem
2470 3091 2673 3133 meam

623 3189 966 3252 Wetstenio
1036 3189 1221 3252 fidem
1294 3188 1476 3271 dedi,
1550 3189 1608 3249 in
1679 3207 1799 3271 qua
1847 3201 2127 3271 perstare
2178 3187 2380 3251 debeo
2434 3189 2673 3251 etiamsi

625 3308 872 3372 nollem.
961 3307 1118 3371 Cum
1187 3311 1393 3371 nostro
1471 3308 1705 3370 Halma
1778 3308 1874 3390 egi
1948 3308 2221 3370 nonnihil
2274 3329 2459 3393 super
2514 3321 2675 3370 nova

623 3428 892 3490 editione
965 3427 1313 3509 Theocriti,
1391 3428 1501 3491 sed
1569 3429 1619 3489 is
1685 3428 1819 3512 ipse
1880 3435 1984 3489 aut
2026 3428 2161 3510 jam
2214 3428 2434 3514 opinor
2484 3427 2563 3490 ad
2610 3411 2695 3491 te*

623 3545 866 3630 scripsit
935 3546 1011 3608 de
1081 3567 1152 3609 ea
1213 3568 1313 3628 re,
1369 3560 1472 3608 aut
1523 3557 1687 3609 certe
1735 3545 1964 3609 scribet
2013 3545 2207 3609 brevi.
2312 3545 2522 3630 Selegi
2578 3547 2669 3608 his

622 3662 879 3744 diebuS,
954 3684 1028 3725 eo
1101 3673 1389 3747 rogante,
1466 3664 1765 3748 pauculas
1841 3685 1875 3726 e
1948 3663 2287 3756 Boissardo
2362 3665 2665 3748 tabellas,

621 3781 1096 3866 Inscriptionum
1141 3802 1298 3866 opus
1333 3796 1775 3865 exornaturas,
1830 3781 1940 3845 sed
1975 3783 2159 3868 taleS,
2214 3793 2279 3856 ut
2321 3785 2414 3846 vel
2448 3784 2669 3847 abesse

622 3924 736 3964 non
789 3903 1062 3987 possint,
1118 3902 1215 3965 vel
1265 3902 1537 3965 habeant
1588 3899 1817 3986 aliquid
1853 3900 2075 3964 eruditi
2109 3903 2490 4000 argumenti,
2545 3923 2667 3987 quo

711 4118 754 4188 ¹)
843 4117 1114 4174 Davidis
1206 4114 1660 4190 Hooqstratani
1745 4113 2054 4170 Carmina.
2171 4116 2663 4174 Amstelaedami.

621 4203 811 4277 Apud
859 4202 1259 4258 Franciscum
1306 4200 1623 4272 Balneum,
1671 4198 1907 4255 MDCO.

705 4307 750 4387 ²)
841 4312 1132 4370 Graevius
1193 4329 1244 4367 a.
1315 4312 1472 4366 1694
1535 4309 1703 4386 prelo
1762 4308 2101 4367 mandavit:
2167 4311 2335 4366 Petri
2390 4312 2665 4368 Danielis

621 4387 850 4473 Huetiz‘,
932 4399 1065 4454 Viri
1111 4396 1409 4468 Illa-stris,
1460 4396 1748 4454 Poemata
1806 4374 2039 4452 Lcstina
2087 4403 2139 4452 et
2188 4397 2443 4453 Graeca.
2508 4398 2660 4454 Tra-

603 4485 770 4560 jecti.
863 4483 963 4542 Ex
1010 4482 1262 4557 officina
1310 4480 1627 4538 Guilielmi
1673 4479 2010 4537 Broeclelet.
