2975 5209
1532 478 1619 541 36

545 674 692 759 Dii,
769 694 910 738 cum
973 672 1238 736 salutem
1303 672 1418 735 tibi
1485 671 1789 756 debeant,
1860 672 2007 758 quid
2074 678 2170 755 ‚est
2220 693 2329 735 cur
2374 672 2607 736 miselli

541 794 642 857 isti
695 793 1102 857 destituantur
1151 799 1275 855 tam
1327 792 1584 854 salutari
1635 792 1945 855 dextera?

733 913 877 978 Non
928 920 1077 976 sunt
1124 912 1453 976 indecores
1508 911 1740 995 Latio,
1795 932 1904 975 nec
1954 920 2171 975 vestra
2218 913 2472 991 feretur

733 1034 943 1097 Fama
995 1034 1180 1117 leoi3‚
1235 1034 1473 1096 tantive
1524 1032 1833 1095 abolescet
1878 1033 2093 1116 yloria
2150 1032 2313 1101 facti
2352 1034 2411 1116 ¹).

640 1152 738 1216 De
807 1151 1088 1216 versibus
1155 1152 1310 1215 meis
1361 1152 1526 1237 quod
1576 1160 1703 1214 tam
1755 1150 2102 1236 benigniter
2150 1153 2412 1237 sentim,
2466 1172 2598 1216 am-

544 1273 786 1357 plector
844 1270 1050 1356 potius
1103 1291 1378 1334 amorem
1429 1279 1639 1355 tuum,
1696 1292 1877 1357 quam
1924 1272 2229 1355 judicium
2282 1272 2593 1335 examino

545 1391 744 1454 Daret
810 1389 982 1454 Deus
1051 1390 1376 1454 honestum
1444 1390 1630 1453 modo
1685 1391 1905 1467 otium,
1974 1412 2093 1454 non
2147 1390 2399 1474 ambigo
2452 1389 2596 1475 quin

547 1510 876 1595 aliquando
923 1531 997 1573 ea
1030 1510 1474 1596 procuderem,
1530 1531 1689 1595 quae
1723 1511 1775 1573 si
1810 1530 1929 1573 non
1966 1509 2219 1573 laudem
2256 1510 2595 1595 publicam,
2628 1574 2635 1579 ,

550 1636 723 1692 tuum
795 1640 962 1703 certe
1035 1637 1096 1693 et
1167 1630 1547 1694 eruditorum
1619 1630 1988 1715 applausum
2048 1636 2305 1715 possent
2352 1629 2593 1693 mereri.

547 1748 728 1813 Nunc
797 1770 944 1813 vero
1023 1749 1178 1813 adeo
1257 1749 1591 1834 distringor
1664 1749 2057 1813 sordentibus
2109 1749 2308 1833 curis,
2377 1756 2443 1812 ut
2491 1748 2597 1811 vix

546 1869 856 1954 respicere
914 1875 1094 1932 vacet
1141 1868 1220 1931 ad
1272 1868 1621 1931 carissimas
1673 1868 1821 1931 olim
1873 1876 2069 1929 artes:
2126 1868 2222 1930 cui
2272 1868 2440 1931 malo
2490 1888 2595 1931 ac-

548 1988 712 2052 cedit
782 1987 996 2052 frontis
1047 2008 1224 2051 meae
1273 1988 1629 2051 infirmitas:
1685 1986 1879 2071 pudet
1929 1988 2091 2051 enim
2142 1989 2417 2074 conspici
2471 1995 2593 2051 tam

549 2109 713 2171 nullo
785 2108 967 2172 cultu.
1068 2106 1277 2192 Atque
1348 2107 1507 2171 haec
1557 2107 1678 2170 duo
1729 2108 1813 2169 ita
1861 2128 1963 2171 me
2014 2128 2051 2171 a
2101 2109 2436 2194 scriptione
2490 2109 2594 2172 de-

549 2234 812 2311 terrent,
864 2234 932 2289 ut
965 2226 1178 2290 videar
1211 2226 1362 2288 mihi
1397 2225 1503 2288 vix
1528 2246 1800 2311 unquam
1826 2226 2019 2291 Musis
2046 2228 2277 2291 litasse.
2366 2227 2591 2313 Oogar,

549 2352 617 2409 ut
683 2346 904 2429 vide0‚
969 2352 1237 2409 aetatem
1294 2345 1354 2407 in
1406 2343 1587 2407 turba
1637 2343 2035 2431 delitescere,
2089 2347 2203 2409 nisi
2253 2349 2593 2431 pot-entium

551 2455 904 2529 amicorum
938 2464 1282 2549 benignitas
1329 2485 1433 2527 me
1483 2463 1561 2527 ab
1613 2464 1732 2527 hoc
1783 2463 2120 2528 desultorio
2171 2466 2334 2529 vitae
2370 2486 2595 2551 genere

547 2584 812 2648 liberare
882 2584 1227 2648 contendat.
1330 2582 1649 2646 Hactenus
1716 2583 1965 2669 quidem
2018 2606 2265 2649 omnem
2316 2584 2589 2671 lapidem

551 2702 752 2787 movi,
821 2723 934 2765 nec
1003 2702 1331 2788 quicquam
1397 2702 1724 2788 promovi:
1789 2724 1948 2767 nunc
1995 2702 2159 2767 facta
2207 2725 2401 2789 pace,
2456 2726 2593 2769 cum

550 2822 809 2885 honeste
859 2821 937 2884 ab
987 2822 1176 2884 armis
1227 2820 1545 2884 discedere
1596 2822 1841 2906 liceret,
1897 2824 2217 2887 videamus
2269 2846 2417 2887 num
2467 2846 2596 2889 me-

551 2940 836 3005 minerint
918 2940 1078 3023 mei,
1160 2940 1262 3025 qui
1336 2960 1558 3003 aureos
1610 2948 1849 3033 montes
1926 2943 2237 3028 quondam
2318 2944 2601 3007 solebant

551 3060 930 3147 promittere.
1031 3058 1328 3123 Annitere
1403 3068 1467 3121 tu
1533 3081 1816 3146 quoque,
1880 3060 1993 3124 Vir
2044 3062 2441 3147 Clarissime‚
2497 3071 2593 3147 et,

554 3179 605 3241 si
651 3179 877 3253 mereri
929 3178 1141 3241 videor
1189 3198 1400 3241 amare
1450 3200 1549 3241 me
1599 3200 1792 3263 perge
1912 3179 2184 3265 TraJecti
2221 3184 2300 3246 ad
2338 3182 2597 3246 Mosam.

560 3300 646 3361 28
691 3296 849 3361 Julii
908 3300 1106 3362 1679.

653 3415 810 3480 Cum
880 3416 1242 3481 valetudine
1315 3437 1499 3502 spero
1574 3424 1633 3481 te
1700 3418 1835 3501 jam
1894 3420 1954 3481 in
2006 3421 2269 3503 gratiam
2319 3422 2612 3491 rediisse.

559 3535 730 3601 Deus
779 3543 840 3599 te
890 3536 993 3599 diu
1041 3537 1340 3621 sospitem
1391 3544 1452 3601 et
1500 3537 1741 3599 salvum
1794 3538 1963 3622 velit,
2018 3540 2103 3601 mi
2141 3539 2399 3625 Heinsi‚
2455 3562 2601 3605 meo

558 3655 769 3741 reique
813 3654 1124 3719 literar-iae
1172 3656 1367 3740 bono,
1422 3656 1521 3719 cui
1570 3656 1983 3721 restituendae
2031 3666 2206 3721 natus
2261 3681 2345 3723 es.

1381 4059 1609 4075 mni-sss„
1614 4058 1792 4075 VssefsA

659 4475 700 4551 ¹)
788 4478 973 4556 Verg.
1020 4477 1209 4552 Aen.,
1254 4476 1411 4554 XII,
1459 4496 1544 4535 vs.
1596 4479 1734 4535 231.
