2975 5209
1330 502 1356 569 1
1371 502 1410 569 3

1337 696 1421 767 ΙΙ.

881 920 1074 989 loanni
1122 920 1367 1004 Geor-uio
1415 921 1658 986 Graevio

877 1033 1120 1098 loannes
1164 1050 1272 1097 van
1317 1032 1721 1099 Broekhuizen.

437 1252 739 1337 Maturius
811 1252 890 1317 ad
959 1259 1021 1319 te
1078 1253 1288 1319 literas
1340 1253 1681 1339 dedissem,
1742 1251 1856 1317 Vir
1912 1251 2293 1338 clarissime,
2344 1252 2398 1316 si

343 1393 465 1435 non
543 1372 889 1457 argumenti
953 1373 1163 1461 inopia
1219 1372 1570 1437 retinuisset
1616 1380 2053 1459 properantem
2101 1372 2392 1438 animum.

343 1488 514 1557 Dum
588 1493 747 1557 enim
822 1492 1018 1559 indies
1077 1493 1386 1557 scribendi
1435 1492 1759 1558 materiam
1808 1514 2119 1579 aucupor,
2174 1494 2399 1559 certior

343 1613 728 1700 experiundo
806 1614 1003 1678 factus
1053 1635 1220 1699 sum,
1274 1614 1425 1678 nihil
1476 1614 1619 1682 hinc
1667 1613 1812 1679 novi
1858 1613 2174 1701 progredi,
2227 1615 2394 1702 quod

341 1753 464 1797 non
535 1733 703 1820 apud
770 1754 879 1797 vos
933 1735 1282 1824 obsoletum
1333 1710 1430 1798 sitss
1530 1732 1687 1799 Mire
1736 1734 1837 1798 hic
1884 1734 2109 1820 frigent
2158 1736 2392 1820 omnia,

345 1860 406 1919 et
471 1875 582 1918 nos
617 1858 925 1942 'tanquam
974 1854 1275 1919 altissima
1323 1876 1480 1941 pace
1529 1854 1935 1919 indormimus
1986 1854 2113 1920 otio
2163 1830 2392 1921 nostro.

341 1946 735 2069 Sparguntur
784 1975 1034 2061 quidem
1082 1974 1289 2039 nescio
1341 1974 1445 2060 qui
1478 1974 1815 2039 rumusculi
1850 1974 1926 2039 de
1952 1973 2387 2039 contrahendis

345 2094 511 2158 circa
593 2092 754 2159 hanc
823 2094 1136 2159 dioecesin
1207 2094 1661 2159 Germanorum
1729 2094 2089 2181 Principum
2160 2094 2391 2180 copiis,

346 2213 572 2300 quibus
616 2235 1016 2283 accesssurae
1065 2216 1184 2279 sint
1233 2220 1294 2279 et
1341 2221 1588 2279 nostrae
1621 2213 1927 2299 legiones,
1965 2214 2076 2278 sed
2102 2221 2398 2300 quantum

346 2353 469 2418 ego
517 2333 731 2418 video,
783 2335 1016 2399 lentum
1069 2334 1182 2399 erit
1229 2335 1579 2421 negotium,
1636 2341 1696 2399 et
1743 2332 2039 2399 hactenus
2074 2332 2230 2401 nihil
2265 2355 2398 2399 mo-

344 2461 543 2519 vetur.
644 2453 744 2533 De
817 2453 1302 2540 Philippoburgi
1375 2454 1701 2519 obsidione
1722 2456 1761 2539 ¹)
1843 2453 2050 2517 omnia
2097 2474 2401 2539 prospera

345 2594 712 2661 speramus,
790 2572 942 2641 nihil
1010 2581 1212 2639 tamen
1261 2574 1468 2640 habeo
1520 2564 1685 2661 quod
1736 2574 2063 2639 affirmem.
2156 2573 2404 2639 Interea

349 2694 460 2773 diu
533 2696 916 2783 multumque
989 2695 1433 2783 circumspexi,
1506 2696 1559 2759 si
1616 2697 1933 2781 negotium
1984 2695 2098 2759 abs
2147 2702 2208 2761 te
2254 2695 2408 2759 mihi

349 2816 564 2881 datum
635 2817 979 2904 potuissem
1053 2816 1371 2903 expedire.
1469 2814 1706 2881 Verum
1781 2816 1948 2903 quod
2012 2816 2147 2903 quis
2198 2822 2408 2903 speret

347 2934 600 3023 aliquod
650 2937 709 2999 in
760 2936 880 3000 hac
926 2936 1085 3001 urbe
1120 2937 1198 3001 ab
1235 2936 1497 3022 antiquis
1531 2936 1705 3001 libris
1737 2936 2148 3023 praesidium,
2180 2936 2407 3000 frustra

349 3060 464 3120 est.
544 3054 838 3120 Canonici
906 3057 1136 3121 nullam
1181 3056 1629 3123 bibliothecam
1700 3078 2089 3123 communem
2139 3055 2406 3143 habent,

351 3174 677 3262 omnisque
745 3196 960 3240 eorum
1008 3176 1310 3241 industria
1363 3183 1643 3241 versatur
1695 3176 1858 3241 circa
1906 3174 2228 3240 Gallorum
2282 3176 2406 3241 ele-

350 3295 613 3379 gantias,
667 3294 869 3378 Puto,
923 3296 974 3359 si
1026 3296 1162 3379 quis
1213 3296 1290 3361 de
1341 3296 1667 3361 Cicerone.
1694 3301 1979 3382 quaerat,
2018 3294 2269 3360 credent
2292 3316 2403 3358 no-

348 3434 492 3478 men
543 3435 682 3479 esse
729 3414 1051 3511 peregrini·
1087 3416 1296 3501 piscis.
1397 3414 1660 3480 Multum
1710 3415 2023 3480 ruinarum
2056 3414 2156 3479 hic
2190 3414 2402 3479 videre

349 3539 473 3618 est,
553 3533 912 3599 eruditionis
985 3556 1224 3620 parum.
1322 3534 1511 3619 Heri,
1584 3556 1724 3599 cum
1775 3556 1977 3600 essem
2025 3535 2083 3600 in
2136 3536 2401 3622 collegio

348 3650 761 3739 Jesuitarum,
841 3653 1087 3717 excussi
1161 3659 1222 3718 et
1287 3654 1763 3740 bibliothecam,
1826 3676 1945 3721 non
1996 3656 2204 3740 magni
2254 3677 2403 3720 sane

345 3770 565 3856 pretii,
645 3775 706 3835 et
740 3758 876 3857 ‘qua
938 3772 1407 3867 locupletiorem
1454 3774 1634 3838 multi
1682 3774 1742 3837 in
1792 3774 2135 3838 Hollandia
2182 3775 2407 3861 privati

345 3889 693 3975 possident.
793 3890 1015 3955 Nullos
1065 3891 1257 3956 libros
1306 3892 1555 3957 rarioris
1590 3899 1774 3960 notae
1806 3892 1971 3977 vidi,
2008 3912 2183 3957 raros
2218 3894 2405 3958 etiam

351 4008 576 4086 bonae.
681 4008 1132 4096 Manuscriptos
1185 4011 1430 4076 codices
1481 4012 1783 4098 quosdam
1819 4012 2079 4097 habent,
2116 4012 2228 4077 sed
2260 4013 2409 4077 mis-

351 4127 508 4191 salia
559 4134 620 4192 et
650 4123 1030 4194 ”Decretalia
1075 4130 1207 4195 fere
1255 4136 1412 4194 sunt.
1465 4130 1585 4195 Est
1632 4132 1801 4218 apud
1839 4132 1981 4196 illos
2018 4130 2091 4196 P.
2131 4123 2409 4198 Jacobus

455 4422 496 4497 ¹)
583 4424 1127 4504 Philippoburgum
1191 4444 1398 4485 mense
1456 4426 1633 4486 Iunio
1681 4446 1717 4485 a
1758 4427 1928 4485 Duce
1974 4426 2408 4521 Lotharingiae

351 4508 670 4570 obsidione
715 4512 978 4571 cinctum
1021 4529 1227 4570 mense
1274 4512 1615 4590 Septembri
1661 4517 2083 4591 expugnatum
2128 4516 2235 4571 est.
