2975 5209
1558 458 1645 519 34

667 648 794 714 Sed
855 650 1344 735 jam·nugarum
1393 651 1561 715 satis.
1662 650 1823 715 Vale
1876 650 2109 717 Graevi
2154 650 2513 739 carissime,
2570 662 2635 719 et

572 792 675 835 me
748 790 960 835 amare
1021 792 1252 857 pergr,
1329 772 1432 857 qui
1507 778 1569 835 te
1647 792 1864 836 amare
1942 794 2254 859 nunquam
2328 774 2629 837 desinam.

575 889 850 974 Trajecti
899 891 977 954 ad
1027 889 1288 953 Mosam.
1349 894 1418 953 11
1483 889 1684 976 Aprili
1742 894 1939 955 1679.

1395 1088 1564 1104 *ss-‘2VuV'
1596 1092 1605 1097 ο
1619 1094 1628 1098 -
1671 1088 1709 1099 »κ’-
1724 1091 1742 1100 u
1752 1087 1808 1101 dxl*

1451 1214 1646 1277 xxii
1682 1217 1742 1298 ¹).

1251 1398 1389 1462 lane
1420 1395 1811 1461 Brouckhusie
1845 1415 1949 1461 sue

1315 1509 1579 1573 Nicotaus
1622 1508 1895 1573 Heinsius,

669 1673 1051 1738 ,Iamdudum
1122 1683 1414 1761 expertus
1491 1676 1906 1741 valetudinem
1956 1677 2227 1761 pessime
2278 1676 2624 1761 adfectam,

576 1815 783 1858 rerum
867 1802 1072 1858 tamen
1147 1801 1426 1879 tuarum,
1507 1796 1593 1858 mi
1666 1778 2095 1879 Brouckhusi,
2177 1776 2389 1869 curam
2464 1794 2623 1859 adeo

578 1934 824 1977 omnem
924 1934 1042 1977 non
1132 1916 1400 2000 proieci,
1479 1923 1547 1978 ut
1621 1914 1957 1980 Graevium
2028 1916 2265 1979 interea
2350 1922 2627 1979 nostrum

577 2034 854 2118 aliosque
929 2054 1008 2097 ex
1083 2034 1296 2096 amicis
1375 2034 1543 2097 haud
1602 2035 2018 2121 infrequenter
2081 2034 2159 2097 ad
2210 2056 2310 2098 me
2362 2035 2624 2099 visentes

565 2154 912 2219 identidem
963 2154 1076 2217 sim
1113 2162 1578 2239 percunctatu3‚
1617 2175 1735 2239 quo
1771 2155 1907 2217 loco
1942 2154 2224 2217 fortunae
2257 2154 2379 2216 iam
2418 2160 2624 2217 essent

577 2280 752 2356 tuae,
831 2272 978 2358 quid
1050 2272 1352 2337 molireris
1427 2274 1583 2359 ipse.
1685 2272 1964 2358 Cumque
2040 2273 2119 2337 de
2192 2283 2252 2337 te
2324 2273 2386 2336 id
2436 2294 2623 2335 unum

577 2400 934 2477 creparent,
1012 2394 1246 2455 versari
1323 2393 1569 2457 assidue
1642 2394 1805 2457 inter
1878 2393 2353 2480 cataphractOS,
2435 2400 2494 2457 et
2548 2394 2627 2455 ‚in

577 2511 791 2575 castris
857 2518 1158 2574 armatum
1210 2512 1563 2596 excubare,
1624 2514 1714 2576 ibi
1784 2535 1900 2597 ego
1969 2514 2027 2575 in
2082 2515 2355 2577 animum
2406 2512 2623 2577 crebro

576 2650 871 2694 revocare
921 2638 1147 2716 poetae
1197 2633 1282 2694 tui
1332 2633 1478 2695 illa:
1546 2631 1783 2695 Tenero
1830 2634 2123 2717 quidfiet
2158 2635 2368 2696 amori
2395 2630 2489 2717 2).2
2539 2630 2627 2693 At

551 2756 643 2813 ⁴tu
713 2750 833 2814 hoc
893 2752 1029 2835 ipso
1109 2772 1360 2837 quoque.
1429 2759 1671 2815 veteres
1731 2752 1869 2815 illos
1922 2752 2293 2836 aemulariS,
2348 2752 2513 2838 quod
2566 2758 2628 2815 et

578 2890 784 2952 amas,
861 2877 1108 2933 secutus
1178 2879 1517 2957 utcumque
1595 2878 1833 2957 castra,
1912 2882 2006 2957 et,
2086 2872 2330 2958 quando
2381 2873 2627 2949 fortuna

577 2987 815 3072 patriae
881 2995 1128 3053 nostrae
1194 3012 1417 3075 parum
1469 3012 1668 3077 aequa
1718 3013 1835 3055 non
1886 2990 2146 3076 praebet
2196 2997 2624 3075 argumentum

580 3108 758 3171 bellis
833 3107 1094 3171 multum
1168 3108 1611 3194 decantandiS,
1696 3095 1856 3194 alia,
1934 3111 1995 3173 in
2070 3110 2293 3197 quibus
2365 3109 2629 3174 feliciter

581 3248 874 3291 exerceas
968 3228 1320 3313 ingenium,
1397 3229 1697 3297 invenisti.
1799 3229 1970 3292 Nihil
2046 3231 2388 3314 elegantius
2464 3239 2629 3293 certe

579 3348 927 3411 concinnari
994 3355 1240 3433 poterat
1309 3350 1386 3433 ijs
1438 3348 1757 3431 versibus,
1815 3370 1967 3434 quos
2019 3349 2237 3413 diebus
2288 3350 2627 3435 proximiS,

582 3466 690 3529 sed
725 3448 1274 3552 seriusaliquanto
1307 3489 1491 3553 quam
1520 3467 1866 3553 oportebat,
1894 3477 2010 3531 ate
2034 3456 2170 3531 sum
2194 3475 2435 3532 nactus:
2472 3469 2629 3532 adeo

584 3584 874 3669 quidem,
945 3592 1014 3647 ut
1063 3588 1428 3649 suavitatem
1469 3586 1641 3649 illam
1691 3587 2134 3673 leporemque,
2186 3588 2291 3673 qui
2340 3587 2629 3651 mirificus

582 3703 642 3766 in
710 3704 954 3788 scriptis
1017 3711 1290 3768 veterum
1343 3705 1617 3788 renidet,
1664 3726 1697 3769 e
1746 3706 2153 3790 popularibus
2203 3707 2426 3770 nostris
2474 3727 2633 3770 unus

584 3822 924 3907 praecipue
973 3823 1236 3887 videaris
1287 3830 1625 3887 assecutus„
1726 3823 1961 3888 Verum
2012 3826 2291 3911 pluribus
2343 3832 2403 3890 te
2452 3826 2509 3888 in
2562 3847 2631 3888 os

582 3941 876 4026 laudare,
931 3962 1045 4005 nec
1085 3942 1266 4005 huius
1303 3958 1395 4007 est
1430 3942 1590 4026 loci,
1645 3964 1759 4007 nec
1791 3944 1915 4007 mei
1948 3946 2273 4029 propositi,
2313 3946 2414 4031 qui
2450 3966 2632 4031 quam

586 4065 797 4125 tenera
867 4062 952 4125 sis
1021 4062 1219 4126 fronte
1271 4060 1435 4124 haud
1486 4062 1722 4145 ignore.
1826 4062 2076 4149 Reponi
2127 4064 2227 4127 hic
2277 4064 2449 4129 vides
2504 4086 2634 4127 ver·

685 4280 726 4357 ¹)
812 4284 886 4341 In
928 4283 1308 4341 Bibliotheca
1329 4281 1737 4358 Lugdunensi.
1784 4283 2111 4361 Exemplar
2134 4286 2311 4343 huius
2336 4284 2627 4362 epistolae

583 4369 852 4446 reperias
893 4369 955 4426 in
1000 4369 1385 4432 Bibliotheca
1427 4368 1797 4425 Traiectina.

677 4450 728 4526 2)
817 4453 984 4528 Tib.,
1028 4454 1122 4529 II,
1172 4456 1241 4528 6,
1285 4470 1366 4511 ve.
1421 4454 1472 4509 1.
