2975 5209
1477 484 1567 547 50

503 682 718 763 elegiis
817 681 1034 745 videor
1127 682 1280 745 mihi
1363 680 1851 766 deprehendisse
1922 690 2171 766 tempus
2238 702 2361 767 quo
2436 683 2559 747 sint

507 802 792 886 scriptae.
891 799 1136 864 Vellem
1217 802 1280 863 in
1361 801 1649 865 omnibns
1728 822 1979 886 possem
2060 800 2558 887 deprehendere.

501 922 680 985 Nune
759 937 824 984 tu
891 942 994 985 me
1053 922 1238 1004 juva,
1309 921 1362 982 si
1427 926 1651 1005 pote8‚
1724 931 1785 983 et
1852 928 2289 1007 tempestatem
2352 923 2560 988 indica

503 1048 854 1105 exstructae
933 1057 1118 1125 atque
1193 1038 1515 1103 dedicatae
1564 1039 1986 1104 bibliothecae
2034 1040 2365 1106 Palatinae
2414 1064 2557 1107 eum

379 1192 412 1253 .‘
501 1161 760 1245 porticu.
871 1158 948 1222 Id
1039 1159 1224 1221 faciet
1304 1157 1709 1223 illustrandae
1790 1159 2033 1243 elegiae
2111 1168 2331 1224 sextae
2411 1160 2559 1225 libri
2590 1158 2606 1167 “

504 1281 720 1365 quarti.
827 1279 988 1343 Tum
1059 1280 1246 1346 etiam
1315 1279 1507 1341 scrire
1556 1278 1741 1341 velim
1792 1279 1927 1364 quis
1976 1278 2161 1343 fuerit
2206 1280 2317 1343 ille
2364 1279 2556 1345 Corn.

507 1398 762 1481 Gallus,
819 1419 1002 1483 quem
1051 1397 1316 1480 Plinius,
1369 1399 1410 1459 l.
1469 1402 1503 1460 7
1536 1448 1551 1470 ,
1608 1419 1660 1460 c.
1716 1400 1841 1481 53,
1878 1413 1939 1461 et
1970 1397 2267 1462 Valerius
2299 1406 2439 1463 tuus
2482 1402 2557 1484 ¹),

504 1518 544 1580 l.
623 1520 701 1605 9,
767 1539 818 1581 c.
895 1520 1018 1601 12,
1085 1516 1140 1579 in
1205 1538 1428 1580 venere
1479 1517 1709 1579 obiisse
1760 1518 2067 1580 scribunt:
2122 1526 2185 1581 et
2234 1539 2356 1603 qua
2404 1526 2563 1583 tem-

507 1646 752 1721 pestate
823 1636 1122 1721 Virgilius
1192 1636 1527 1699 absolvcrit
1596 1658 1709 1698 sua
1774 1636 2105 1722 Georgica.
2205 1637 2281 1701 Id
2348 1638 2401 1701 si
2448 1638 2564 1703 tibi

507 1758 706 1820 minus
773 1757 1032 1820 civiliter
1097 1756 1330 1819 factum
1399 1756 1743 1839 videbitur,
1804 1758 1897 1838 (ut
1960 1762 2057 1823 est
2112 1759 2289 1842 sane)
2355 1758 2567 1843 cogita

509 1877 622 1941 tibi
673 1898 805 1941 rem
855 1897 992 1939 esse
1043 1896 1181 1939 eum
1231 1876 1462 1957 milite,
1516 1874 1629 1939 sed
1680 1875 1781 1959 qui
1822 1875 2026 1959 magis
2058 1876 2335 1939 literatas
2372 1896 2561 1961 quam

509 2004 778 2061 armatas
851 2016 1070 2081 preces
1129 1995 1304 2058 ferat.
1405 1993 1567 2056 Vale
1618 1994 1703 2056 mi
1750 1994 2069 2059 carissime
2116 1994 2443 2077 Perizoni,
2498 2006 2565 2059 et

509 2138 610 2181 me
660 2137 868 2180 amare
915 2136 1138 2201 perge,
1191 2114 1294 2198 qui
1343 2128 1403 2175 te
1450 2114 1511 2174 in
1564 2112 1759 2174 oculis
1806 2112 1958 2177 fero.

603 2233 1076 2298 Amstelodami.

605 2355 806 2441 pridie
857 2352 1110 2416 Galend.
1167 2351 1519 2436 Septembr.
1582 2352 1777 2413 1687.

1333 2541 1350 2553 x
1355 2539 1428 2554 Ὧν»
1433 2540 1481 2553 ’-κ
1485 2536 1739 2553 “Am

1445 2686 1627 2765 402)

919 2873 1226 2937 Theodoro
1271 2869 1568 2934 ianssonio
1612 2869 1685 2932 ab
1728 2868 2153 2947 Atmotnvoom

1225 2982 1395 3044 lanus
1438 2978 1842 3043 Broukhusius.

613 3152 971 3218 Gratulatur
1037 3149 1094 3212 ei
1163 3159 1222 3210 et
1271 3166 1557 3231 sponsae.
1654 3144 1841 3209 Mittit
1894 3166 2180 3230 carmen,
2258 3148 2426 3233 quod
2476 3148 2563 3213 A.

516 3273 692 3360 petiit
725 3273 796 3354 ⁴).

613 3384 1105 3468 Amstelodami‚
1161 3386 1246 3447 29
1297 3382 1469 3468 Sept.
1531 3384 1728 3447 1687.

1542 3551 1743 3569 *ww-esd·-

617 3745 660 3817 ¹)
748 3737 1030 3799 Valerius
1075 3732 1393 3792 Maximus.

610 3826 660 3902 ²)
749 3828 818 3883 In
873 3820 1256 3882 Bibliotheca
1301 3813 1665 3874 Traiectina.

613 3911 661 3988 ³)
751 3908 977 3969 Theod.
1053 3904 1411 3965 Janssonius
1485 3902 1562 3958 ab
1630 3898 2027 3957 Almeloveen
2094 3901 2571 3975 (1657-1712)
2688 3912 2697 3923 ⁰

525 3999 789 4059 Traiecti
862 3994 1129 4052 discebat
1200 3987 1580 4047 medicinam.
1672 3985 1989 4044 Habitavit
2054 3985 2340 4059 Gouda03
2408 4004 2571 4045 anno

530 4087 687 4146 1697
755 4082 1057 4160 professor
1129 4075 1546 4143 historiarum,
1623 4070 2008 4146 eloquentiae
2084 4076 2272 4146 atque
2324 4071 2573 4149 linguae

525 4175 792 4231 Graec-ae
829 4168 888 4225 in
929 4162 1259 4223 Academia
1298 4155 1802 4217 Harderovicensi
1841 4162 2078 4214 creatus
2113 4156 2257 4214 inde
2296 4159 2372 4214 ab
2408 4176 2572 4215 anno

530 4260 689 4315 1702
724 4256 906 4313 etiam
940 4250 1299 4311 medicinam
1331 4244 1607 4303 docebat.
1656 4241 1859 4299 Edidit
1884 4240 2269 4317 Strabonem,
2298 4241 2576 4318 Celsum,

524 4340 907 4420 Hippocratis
951 4335 1368 4413 AphorismOS,
1417 4334 1571 4388 caet.

614 4426 662 4502 4)
755 4427 857 4484 Ad
937 4423 1313 4481 Theodorum
1376 4416 1448 4474 ab
1512 4414 1895 4471 Almeloveen
1958 4411 2261 4487 Sponsum
2311 4412 2574 4492 (ΡοετφηἸ

523 4534 661 4593 pag.
715 4511 880 4585 163.)
