2975 5209
1463 534 1549 597 38
2486 564 2503 592 ο

478 728 594 797 nisi
642 748 891 793 vererer
940 748 1119 791 aures
1167 735 1304 790 tuas
1354 748 1615 791 onerare
1666 727 1883 790 odiosa
1934 729 2527 792 commemoratione
2578 752 2584 759 ·

450 868 658 913 ·meae
721 848 1108 911 calamitatis,
1209 846 1388 910 Nunc
1459 847 1605 911 exul
1672 868 1851 932 sum,
1908 855 1966 911 et
2016 849 2182 911 omni
2233 842 2529 933 dignitate

481 967 703 1032 excidi.
805 966 970 1039 Quid
1038 988 1136 1029 me
1205 966 1454 1031 tandem
1505 968 1647 1051 fiet,
1700 967 1784 1029 mi
1837 966 2099 1051 Heinsi,
2156 968 2239 1030 mi
2292 968 2531 1031 Pater?

481 1086 680 1175 Unica
729 1087 879 1149 mihi
929 1107 1072 1172 spes
1122 1087 1335 1149 relicta
1385 1096 1477 1149 est
1526 1084 1585 1149 in
1634 1094 1741 1149 tua
1780 1087 2093 1171 bonitate;
2140 1107 2299 1173 quae
2342 1109 2527 1173 quam

481 1206 664 1291 fuerit
712 1228 958 1291 semper
1007 1207 1062 1269 in
1117 1227 1218 1269 me
1267 1228 1609 1292 propensa,
1649 1228 1765 1269 non
1802 1208 1995 1271 semel
2032 1228 2167 1270 sum
2204 1216 2520 1293 expertus

485 1394 664 1453 ferali
728 1394 984 1453 victoria
1048 1393 1281 1452 hostem
1327 1412 1497 1451 suum
1544 1393 1903 1467 confecisse,
1953 1398 2018 1451 ut
2064 1398 2306 1451 coactus
2352 1393 2534 1451 fuerit

488 1479 680 1537 solum
739 1486 1008 1552 vertere,
1055 1498 1124 1536 ac
1170 1478 1414 1536 Leodici
1461 1479 1609 1556 fuga
1654 1480 1909 1537 salutem
1956 1497 2267 1555 quaerere.
2360 1479 2534 1535 Nunc

488 1570 664 1642 rogat
731 1564 1072 1637 Francius,
1142 1570 1206 1623 ut
1253 1564 1540 1641 quicquid
1586 1564 1713 1640 opis
1760 1570 1819 1623 et
1864 1564 2150 1641 praesidii
2198 1566 2273 1621 ab
2323 1564 2531 1622 amicis

490 1650 710 1708 nostris
754 1650 1049 1727 proficisci
1093 1650 1314 1727 possit,
1360 1651 1421 1707 id
1468 1650 1545 1707 ad
1592 1650 2027 1726 elegantissimi
2069 1651 2303 1726 ingenii
2346 1650 2533 1707 homi-

490 1753 630 1793 nem
696 1735 1054 1793 servandum
1115 1736 1493 1794 conferamus
1604 1735 1861 1794 Coactus
1907 1735 2214 1794 descendit
2267 1736 2332 1793 iu
2378 1736 2535 1793 hunc
2624 1746 2631 1753 ‘

491 1821 798 1880 funestum
856 1840 1162 1898 campum,
1223 1828 1290 1881 ut
1350 1823 1554 1898 ajunt,
1600 1821 1781 1897 idque
1836 1822 2012 1881 certis
2058 1821 2429 1880 documentis
2472 1839 2535 1879 se

492 1913 869 1967 ostensurum
917 1907 1308 1967 contendunt.
1399 1907 1757 1981 Constituit,
1804 1908 1995 1965 donec
2039 1908 2191 1964 haec
2215 1912 2537 1984 tempestas

495 1992 868 2067 detonuerit,
914 1993 977 2050 in
1010 1992 1499 2070 Westphalorum
1530 1998 1722 2050 terras
1752 2011 1817 2050 se
1847 1993 2194 2051 recondere.
2272 1992 2362 2049 Tu
2394 1992 2536 2069 quid

496 2096 741 2137 censeas
784 2096 963 2155 rog0,
1011 2083 1078 2137 ut
1123 2079 1198 2135 ad
1245 2096 1338 2136 me
1383 2078 1753 2155 perscribas”¹
1784 2078 1972 2153 (videt
2014 2078 2361 2137 Bur-manni
2396 2078 2535 2151 Szyl-

499 2165 704 2242 loyen,
750 2164 871 2238 IV,
917 2182 1053 2241 pag.
1106 2165 1272 2236 613).

581 2250 658 2308 Et
717 2250 923 2325 paucis
970 2249 1182 2306 diebus
1226 2254 1394 2325 post,
1447 2248 1509 2303 X
1557 2248 1715 2324 Sept.
1765 2248 1917 2321 Jul„
1966 2247 2039 2305 ad
2089 2248 2347 2306 eundem
2392 2248 2538 2323 (l.l.,

496 2353 635 2411 pag.
686 2336 864 2407 616):
919 2334 1355 2407 „Broeckhusii
1397 2333 1589 2391 nostri
1633 2352 1726 2391 res
1772 2334 1950 2392 audio
1996 2351 2115 2413 non
2150 2333 2539 2411 optimo'loeo

500 2437 662 2494 esse,
717 2438 830 2477 nec
871 2437 1046 2495 posse
1091 2418 1316 2477 servari
1361 2418 1476 2475 nisi
1520 2418 1904 2492 indulgentia
1950 2419 2326 2477 Serenissimi
2370 2420 2539 2476 Prin-

501 2506 648 2583 cipis
691 2505 1171 2563 Arausionensis,
1260 2504 1414 2561 Nam
1462 2505 1733 2579 quamvis
1778 2505 2001 2563 invitus
2034 2510 2093 2563 et
2126 2512 2366 2563 coactus
2398 2524 2538 2563 con-

501 2590 755 2649 seruerit
821 2609 1064 2661 manuS‚
1136 2609 1268 2647 cum
1336 2589 1627 2647 secundas
1674 2597 1882 2667 ageret
1926 2597 2163 2668 parteS‚
2211 2597 2272 2649 et
2316 2590 2418 2651 diu
2464 2590 2543 2647 di-

501 2676 915 2754 gladationem
979 2676 1136 2743 hanc
1184 2674 1582 2749 detrectaret,
1633 2676 1918 2750 quoniam
1963 2680 2166 2733 tamen
2214 2676 2547 2753 singularia

503 2761 838 2821 certamina
903 2766 1043 2819 sunt
1107 2761 1499 2819 severissimis
1555 2761 1894 2819 interdictis
1937 2761 2273 2838 prohibita,
2322 2767 2383 2819 et
2428 2761 2544 2818 duo

502 2848 564 2905 in
631 2848 746 2904 hac
810 2866 1018 2924 pugna
1085 2848 1531 2919 occubuerunt,
1602 2848 1814 2905 tertius
1882 2864 2153 2921 quoque,
2202 2846 2299 2904 cui
2343 2852 2546 2905 noster

504 2932 768 3002 officium
811 2932 1146 3009 praestitit,
1193 2932 1480 3008 gravibus
1524 2932 1877 2990 vulneribus
1916 2932 2225 2990 confectus
2256 2932 2544 2990 vix‘mor-

504 3024 627 3077 tem
686 3018 952 3095 effugere
1009 3018 1228 3094 possit,
1291 3022 1351 3075 et
1408 3018 1539 3095 ipse
1587 3018 2039 3076 Broeclchusius
2084 3018 2320 3097 saucius
2366 3036 2546 3093 aegre

505 3105 722 3163 vitam-
754 3103 1123 3180 expedierit,
1182 3102 1455 3179 judicum
1524 3103 1785 3177 calculo,
1853 3102 1970 3161 nisi
2014 3104 2211 3180 gratia
2254 3103 2547 3180 Principis

505 3189 941 3262 intercesserit,
1011 3187 1396 3247 damnabitur
1463 3187 1694 3265 capitis.
1820 3189 1911 3246 Tu
1980 3189 2211 3263 cogita,
2280 3207 2541 3263 quaes0,

509 3295 628 3352 qua
670 3274 906 3333 ratione
951 3273 1665 3350 ingenii·elegantissimi
1710 3274 1886 3332 homo
1931 3274 2119 3350 possit
2164 3274 2447 3332 servari.”

590 3360 876 3418 Heinsius
920 3378 1040 3417 non
1085 3359 1407 3436 respondit.
1497 3360 1570 3416 In
1618 3360 1744 3417 eius
1791 3358 1865 3416 ad
1912 3360 2232 3417 Graevium
2278 3359 2549 3437 epistolis

506 3445 786 3520 ineditis,
847 3464 1001 3520 quae
1046 3444 1108 3501 in
1153 3444 1533 3503 Bibliotheca
1576 3444 1973 3521 Lugdunensi
2018 3450 2363 3519 servantur,
2394 3444 2547 3502 nihil

508 3533 621 3590 hac
667 3531 741 3589 de
785 3550 850 3589 re
874 3530 1146 3588 invenire
1168 3530 1372 3606 potui,
1405 3536 1464 3588 et
1489 3531 1783 3588 Graevius
1814 3549 2019 3588 rursus
2051 3532 2258 3589 scribit
2282 3530 2337 3587 d.
2369 3530 2550 3587 XXV

509 3618 670 3694 Sept.
741 3621 810 3674 st.
881 3636 935 3673 v.
1005 3615 1150 3690 (l.l.‚
1217 3634 1354 3691 pag.
1414 3617 1593 3688 619):
1670 3616 2113 3689 „Broeckhusii
2157 3616 2357 3673 miseri
2400 3634 2549 3692 rogo

508 3701 908 3761 memineris.”

595 3787 882 3845 Heinsius
952 3790 1154 3845 tamen
1220 3802 1458 3842 omnem
1526 3802 1771 3862 operam
1837 3785 2071 3844 dedisse
2138 3785 2409 3860 videtur,
2476 3791 2553 3848 ‚ut

511 3873 743 3933 auxilio
811 3872 1044 3931 veniret
1109 3870 1331 3944 amicO,
1401 3876 1462 3928 et
1513 3871 1927 3929 Broukhusius
1971 3890 2176 3929 mense
2220 3870 2553 3929 Februario

512 3979 565 4017 a.
617 3960 780 4017 1680
827 3957 1169 4016 Traiectum
1216 3956 1292 4014 ad
1335 3956 1564 4014 Mosam
1609 3957 1823 4029 rediit,
1869 3962 1937 4014 ut
1968 3956 2143 4015 docet
2172 3975 2281 4015 nos
2312 3957 2553 4014 Francii

513 4044 765 4120 epistola
827 4043 903 4101 ad
961 4042 1276 4101 Heinsium
1327 4042 1561 4099 inedita
1606 4042 1692 4117 (in
1737 4042 2117 4102 Bibliotheca
2160 4042 2551 4112 Traiectina).

511 4129 804 4189 Francius
871 4128 1028 4188 enim
1099 4127 1305 4187 scribit
1371 4128 1424 4184 d.
1471 4128 1683 4184 XXVI
1730 4128 1940 4185 Febr.:
2014 4128 2141 4201 „De
2188 4128 2557 4186 Broukhusii

511 4216 706 4275 nostri
749 4216 996 4292 negotio
1044 4214 1308 4272 decisum
1354 4231 1482 4270 esse
1530 4212 1739 4286 audio,
1786 4213 2100 4290 ipsumque
2126 4214 2255 4289 jam
2286 4213 2555 4289 Trajecti

514 4303 589 4361 ad
634 4301 864 4359 Mosam
911 4319 1072 4368 esse,
1121 4301 1290 4375 cujus
1349 4317 1461 4376 ego
1508 4298 1620 4356 tibi
1650 4299 1891 4356 nomine
1923 4298 2080 4357 inter
2112 4299 2261 4357 alios
2292 4298 2557 4375 gratias,

515 4407 664 4465 quas
721 4405 831 4465 par
891 4392 1011 4461 est,
1058 4386 1288 4459 habac,
1337 4384 1465 4462 ipso
1515 4383 1752 4442 easdem
1798 4384 2033 4461 plenius
2081 4389 2263 4461 atque
2309 4384 2558 4442 uberius

512 4474 854 4533 habituro.’'

597 4560 690 4618 De
737 4558 860 4617 alio
905 4555 1269 4617 Broukhusii
1313 4555 1551 4615 fautore
1597 4554 1735 4613 vide
1779 4555 1888 4635 Ep.
1936 4555 2167 4614 XXVI.
