2975 5209
1578 506 1664 569 54

596 700 762 767 Novi
836 701 1000 787 quod
1071 700 1150 765 ad
1189 707 1250 765 te
1299 700 1569 765 scribam
1620 701 1771 765 nihil
1819 701 2064 786 habe0,
2114 702 2202 765 ita
2247 702 2458 768 omnia
2506 708 2652 767 sunt

595 821 942 910 tranquilla.
1041 820 1328 886 Invenias
1389 827 1597 886 tamen
1662 825 1832 886 vates
1883 822 1987 907 qui
2036 827 2204 885 certo
2257 823 2648 906 certius-im-

537 1024 540 1027 *
595 942 832 1006 minere
881 947 1104 1005 canunt
1149 941 1367 1026 ingens
1416 940 1650 1004 bellum
1702 940 1815 1004 toti
1862 938 2192 1025 Europae,
2244 961 2468 1025 pacem
2504 961 2645 1003 cum

593 1060 812 1126 Turcis
871 1062 1007 1145 jam
1068 1062 1202 1146 jam
1255 1082 1393 1125 esse
1445 1060 1875 1143 sanciendam,
1931 1066 2126 1123 totam
2175 1060 2349 1123 istius
2400 1061 2643 1145 procel-

593 1182 692 1245 lae
775 1181 936 1245 iram
1007 1181 1067 1245 in
1122 1180 1372 1245 Galliae
1444 1180 1685 1243 viscera
1757 1182 2175 1265 saevituram,
2260 1187 2375 1245 etc.
2477 1179 2642 1253 Quid

597 1298 895 1365 credam?
943 1300 1008 1365 id
1059 1300 1226 1388 quod
1277 1301 1511 1365 videro.
1614 1298 1680 1363 Si
1720 1298 1952 1363 bellum
2005 1298 2151 1382 erit,
2207 1297 2322 1362 erit
2368 1297 2637 1362 bellum:

597 1419 650 1482 si
717 1440 881 1505 non,
957 1440 1181 1506 pacem
1244 1398 1634 1485 habebimus.
1736 1419 1933 1484 Totus
2006 1418 2293 1483 cohorrui
2340 1419 2421 1482 ad
2459 1419 2641 1482 istam

599 1538 866 1624 optionis
929 1538 1146 1604 Brunii
1185 1537 1228 1624 ι)
1295 1539 1634 1603 historiam.
1736 1538 1998 1603 Adeone
2064 1538 2409 1602 humilioris
2460 1537 2641 1601 sortis

598 1657 882 1724 homines
957 1658 1108 1723 nihil
1169 1658 1339 1724 aliud
1404 1630 1542 1724 esse
1590 1660 1706 1723 nisi
1755 1658 2030 1745 pecudes
2080 1657 2302 1743 quibus
2350 1657 2643 1722 illudatur

509 1806 548 1857 χ
600 1770 892 1866 impune!

658 1897 883 1971 ,Vltra
931 1897 1334 1963 Sauromatas
1383 1898 1600 1984 fugere
1649 1898 1793 1961 hinc
1840 1895 2029 1983 libet,
2083 1902 2141 1961 et
2189 1896 2518 1982 glacialem
2637 1940 2639 1946 =

693 2016 1010 2083 Oceanum
1039 2018 1110 2101 2).

595 2136 734 2203 Nisi
799 2144 861 2203 et
921 2138 1050 2203 illic
1113 2140 1366 2224 vigeant
1428 2138 1577 2201 mali
1641 2158 1845 2201 mores
1896 2144 1957 2201 et
2003 2138 2279 2223 pessima
2328 2138 2638 2223 exempla.

593 2256 828 2343 Vigere
877 2265 1118 2343 autem,
1192 2258 1529 2322 admodum
1581 2263 1674 2321 est
1722 2256 2054 2341 credibile,
2107 2263 2437 2342 postquam
2486 2257 2643 2320 istuc

598 2376 715 2441 sibi
763 2377 880 2441 iter
929 2384 1298 2463 aperuerunt
1343 2376 1659 2441 mortales.
1756 2374 1857 2439 De
1908 2376 2183 2461 epistolis
2216 2375 2443 2439 Indicis
2476 2383 2664 2441 recte·

596 2494 950 2580 curabitur,
1001 2496 1054 2559 si
1090 2494 1236 2581 quid
1268 2495 1468 2560 fuerit.
1546 2496 1673 2561 Sed
1700 2496 1837 2581 jam
1868 2498 2051 2562 finem
2082 2498 2401 2582 imponam
2434 2517 2641 2561 moro-

555 2634 704 2679 -sae
753 2614 897 2678 huic
945 2621 1006 2678 et
1055 2616 1350 2699 querulae
1401 2616 1720 2703 epistolae.
1824 2615 1921 2679 Tu
1972 2617 2109 2683 vale
2148 2618 2233 2680 mi
2282 2617 2506 2701 frater,
2578 2624 2642 2681 et

566 2712 698 2797 ‘me
747 2754 956 2798 amare
1005 2755 1221 2819 perge.
1292 2733 1424 2799 Fac
1459 2742 1664 2799 autem
1701 2734 2033 2799 contendas
2068 2756 2188 2822 quo
2226 2741 2287 2801 et
2317 2735 2429 2799 tibi
2464 2736 2643 2800 detur

596 2851 852 2917 libertas
900 2852 1024 2917 huc
1071 2853 1432 2919 advolandi:
1487 2876 1608 2919 non
1659 2854 1820 2919 enim
1872 2853 2084 2919 dubito
2136 2854 2280 2941 quin
2328 2862 2473 2941 post
2513 2861 2641 2919 tam

593 2969 1068 3055 ignominiosam
1142 2974 1517 3059 paucitatem
1586 2974 1748 3057 jussi
1819 2952 2044 3038 fuerint
2114 2973 2303 3059 aliqui
2372 2982 2639 3037 vestrum

594 3088 864 3154 reditum
923 3090 1002 3155 ad
1051 3092 1377 3157 stationem
1429 3114 1604 3157 suam
1656 3100 1984 3157 maturare.
2084 3093 2319 3159 Iterum
2366 3094 2505 3158 vale
2554 3094 2643 3157 mi

459 3228 468 3236 ’
593 3208 800 3273 frater.

691 3326 1188 3414 Amstelodami,
1246 3335 1322 3396 17
1379 3331 1719 3422 Novembr.
1780 3334 1977 3396 1687.

1596 3450 1824 3467 mm

1525 3529 1609 3591 45
1642 3528 1708 3612 3).

1348 3643 1484 3705 lano
1540 3640 1893 3705 Broukhusio

1346 3744 1409 3807 S.
1461 3743 1801 3807 munckerus
1828 3744 1896 3822 4).

697 3872 946 3937 Gratias
995 3876 1124 3959 agit
1170 3874 1569 3940 Broulzhusio
1619 3895 1733 3959 pro
1785 3874 2055 3938 carmine
2088 3874 2139 3958 5)
2169 3924 2181 3936 .
2216 3924 2275 3936 ..
2339 3872 2643 3959 „Epitha-

699 4022 740 4099 ¹)
827 4026 1109 4086 Fortasse
1154 4028 1438 4105 signifer,
1487 4026 1591 4103 qui
1633 4025 1853 4102 Bergio
1897 4026 2208 4102 praelatus
2250 4026 2382 4085 fuit.

691 4107 741 4183 2)
829 4112 1078 4188 Iuven.,
1123 4114 1218 4187 II,
1265 4133 1350 4171 VS.
1403 4115 1455 4169 1.

691 4196 739 4269 ³)
827 4197 898 4253 In
945 4198 1328 4257 Bibliotheca
1371 4196 1783 4275 Lugdunensi.

691 4278 740 4355 4)
831 4282 1073 4341 Samuel
1103 4284 1495 4357 MunckeruS,
1526 4280 2019 4355 Hammonensis‚
2051 4287 2358 4359 prorector
2388 4281 2643 4339 Scholae

601 4366 960 4442 Goudanae,
1009 4388 1062 4427 a.
1117 4371 1271 4426 1691
1322 4369 1543 4427 Rector
1587 4365 1994 4439 Leovardiae,
2029 4385 2083 4423 a.
2124 4369 2281 4425 1697
2315 4366 2640 4440 Dordraci,

600 4452 752 4513 obiit
797 4473 850 4511 a.
904 4457 1082 4512 1700.
1176 4455 1352 4512 Anno
1407 4456 1565 4511 1688
1614 4451 2148 4509 carmina-Latina
2192 4452 2397 4510 edidit.
2477 4472 2489 4484 ·

617 4603 640 4617 .
696 4535 745 4612 5)
819 4540 891 4595 D.
918 4540 1196 4597 XXVIII
1222 4540 1432 4598 Octob.
1461 4541 1529 4596 B.
1550 4537 1882 4615 composuit
1900 4556 2168 4594 carmen:
2190 4539 2289 4595 Ad
2308 4538 2643 4601 Samuelem

557 4619 562 4623 ’
601 4616 974 4685 Munke'rum
1019 4644 1308 4705 sponsum
1352 4626 1607 4702 (Poena,
1651 4641 1789 4702 pag.
1843 4623 2005 4695 113).
2076 4702 2083 4707 ·
