2975 5209
1521 474 1608 541 32

539 681 610 739 ut
673 674 884 767 ajunt,
959 674 1292 739 obsidioni.
1391 672 1523 738 Alii
1589 674 1677 738 ita
1743 680 2013 739 censent.
2115 672 2248 739 Alii
2306 677 2606 763 rejiciunt

537 794 828 881 quicquid
885 814 1206 859 rumorum
1255 793 1333 859 de
1381 793 1797 859 continuando
1852 793 2019 859 bello
2070 794 2375 860 affertur.-
2444 796 2597 863 Istis

535 934 656 999 ego
721 914 940 999 faveo,
1015 934 1130 979 nec
1197 912 1406 999 pudet.
1506 910 1591 977 Et
1654 922 1723 978 ut
1786 922 2003 1000 aperte
2068 915 2385 980 declarem
2458 938 2592 1005 quo

539 1034 746 1098 animo
810 1034 926 1099 sim
992 1054 1142 1118 erga
1208 1055 1429 1120 pacem
1449 1082 1470 1111 ‚
1544 1034 1847 1119 hymnum
1896 1033 2231 1099 meditatus
2284 1057 2425 1100 sum
2474 1060 2599 1101 non

535 1153 784 1217 omnino
857 1153 1300 1240 poenitendum
1368 1154 1430 1217 in
1471 1153 1992 1238 jucundissimam
2038 1155 2223 1219 istam
2271 1156 2482 1221 Deam
2532 1159 2596 1243 ¹),

537 1294 804 1359 eumque
851 1271 1130 1337 Hoofdio
1181 1272 1468 1337 dedicavi
1518 1272 2199 1341 Amstelodamensium
2224 1274 2483 1340 Consuli
2513 1278 2594 1360 ²).

537 1391 665 1458 Sed
753 1412 875 1456 non
956 1392 1229 1475 mittam,
1305 1398 1639 1478 antequam
1710 1394 2037 1481 explorato
2114 1401 2358 1460 constet
2446 1396 2599 1483 quid

538 1511 878 1577 debeamus
937 1519 1270 1597 expectare
1335 1511 1415 1576 de
1462 1512 1583 1576 hac
1630 1512 1983 1577 turbulenta
2030 1522 2429 1601 tempestate.
2508 1515 2598 1581 Vt

536 1652 752 1697 verum
817 1631 1050 1715 fatear,
1102 1632 1411 1697 misissem
1471 1629 1704 1696 dudum
1754 1633 1834 1697 ad
1883 1632 2267 1721 Francium,
2320 1636 2455 1722 (qui
2504 1643 2600 1701 est

539 1773 620 1817 ex
690 1751 928 1838 agnatis
1004 1753 1272 1817 consulis
1345 1752 1608 1816 Hoofdii
1633 1802 1649 1835 ,
1730 1761 1793 1817 et
1864 1773 1977 1817 sua
2052 1755 2599 1821 commendatione

430 1899 442 1910 ·
537 1872 780 1957 pondus
847 1872 1078 1937 addere
1125 1872 1426 1958 potuisset
1473 1871 1653 1956 nugis
1705 1872 1885 1947 meis)
1936 1872 2051 1937 sed
2098 1874 2327 1959 ignoro
2378 1881 2591 1939 utrum

540 1992 744 2056 adhuc
811 1993 872 2056 in
947 1992 1099 2055 vivis
1171 2000 1462 2056 moretur.
1564 1991 1709 2056 Jam
1778 2000 2042 2078 quatuor
2092 2014 2341 2059 menses
2390 2004 2575 2080 sunt,

542 2118 605 2177 et
651 2111 817 2198 quod
856 2112 1156 2196 excurrit,
1209 2120 1539 2198 postquam
1574 2112 1725 2175 nihil
1756 2112 2075 2177 literarum
2108 2111 2589 2180 Amstelodamo

543 2229 684 2293 vidi.
785 2231 912 2295 Per
976 2230 1229 2316 genium
1295 2236 1503 2315 tuum,
1556 2232 1641 2294 mi
1693 2230 1951 2316 Graevi,
2002 2230 2140 2316 fac,
2194 2233 2247 2295 si
2294 2234 2428 2298 fieri
2477 2256 2588 2320 po-

542 2357 697 2435 test,
769 2372 850 2415 ex
897 2359 958 2415 te
997 2350 1192 2413 sciam
1241 2358 1447 2413 utrum
1495 2350 1650 2415 nihil
1698 2350 2102 2437 epistolarum
2150 2374 2432 2418 mearum
2485 2355 2591 2419 ille

543 2471 890 2556 acceperit,
960 2477 1020 2535 et
1087 2466 1231 2555 quid
1301 2490 1527 2533 causae
1595 2470 1673 2533 sit
1742 2491 1853 2534 cur
1900 2492 2003 2536 me
2051 2478 2181 2537 tam
2229 2475 2588 2539 contemtim

543 2591 833 2676 negligat.
933 2590 1165 2654 Fateor
1235 2590 1562 2655 mollitiem
1634 2612 1879 2676 meam,
1958 2591 2166 2677 impar
2241 2613 2382 2657 sum
2451 2594 2597 2659 huic

544 2712 763 2777 dolori.
863 2710 962 2774 Tu
1027 2709 1212 2775 credo
1261 2732 1381 2774 non
1435 2711 1783 2776 committes
1832 2718 1900 2775 ut
1947 2712 2149 2777 simile
2200 2713 2349 2799 quid
2400 2714 2478 2779 de
2526 2722 2593 2779 te

543 2831 924 2919 querendum
974 2830 1260 2895 habeam.
1359 2830 1567 2916 Atque
1618 2851 1693 2895 ea
1717 2852 1819 2896 me
1844 2853 1957 2918 spe
1984 2833 2384 2919 sustentabo,
2440 2835 2585 2898 dum

545 2953 848 3017 rescribas
921 2972 1080 3040 quae
1126 2950 1373 3017 fortuna
1422 2951 1691 3035 elegiam
1738 2972 1948 3016 meam
1996 2954 2332 3040 exceperit.
2431 2954 2595 3020 Vale
2690 2926 2697 2929 .

542 3072 657 3137 Vir
704 3072 1095 3157 Glarissime,
1159 3079 1221 3137 et
1266 3093 1368 3136 me
1418 3092 1633 3138 amare
1682 3092 1915 3157 perge,
1970 3072 2074 3159 qui
2123 3078 2184 3138 te
2224 3073 2371 3159 ‘plus
2406 3096 2594 3160 quam

544 3194 758 3259 oculos
811 3214 1005 3258 meos».
1512 3270 1533 3283 .

637 3304 950 3373 Montibus
999 3304 1388 3370 Harmoniae.
1462 3304 1544 3368 16
1596 3302 1749 3367 ,Iulii
1806 3303 2003 3367 1678.

1366 3419 1775 3438 VNJNWNM

1493 3472 1676 3537 XXI.

1197 3579 1396 3644 loanni
1433 3577 1679 3661 Geor-ulo
1726 3577 1969 3644 Graevio

1263 3665 1434 3729 lenus
1477 3662 1880 3729 Broukhusius.

537 3868 552 3893 ο
642 3790 790 3857 Jam
863 3790 1096 3876 aliquot
1164 3809 1410 3853 menses
1475 3794 1642 3873 sunt,
1696 3787 2057 3855 Clarissimo
2110 3789 2373 3875 Graevi,
2424 3796 2595 3876 post-

549 3931 735 3997 quam
801 3907 1118 3973 Montibus
1166 3907 1435 3993 elegiam
1484 3906 1563 3972 ad
1611 3914 1673 3972 te
1722 3908 1901 3990 misi,
1947 3930 2133 3995 quam
2184 3910 2439 3975 consilio
2493 3916 2595 3975 tuo

549 4031 628 4094 ad
677 4027 1132 4094 Marsevenium
1163 4028 1555 4114 scripseram.
1609 4026 1940 4092 Scribebat
1974 4037 2181 4093 aut-em
2214 4029 2367 4092 mihi
2401 4029 2597 4094 Fran-

551 4150 681 4213 cius
749 4155 879 4212 tum
946 4148 1248 4235 temporis
1297 4152 1358 4211 te
1405 4147 1467 4210 in
1518 4144 1860 4211 Saxoniam
1908 4147 2259 4234 profectum
2311 4169 2483 4233 esse,
2538 4155 2600 4214 et

549 4269 815 4334 fortasse
884 4267 965 4332 ob
1039 4288 1180 4333 eam
1239 4287 1493 4331 causam
1542 4287 1661 4330 non
1708 4267 1988 4352 potuisse
2038 4288 2179 4332 eam
2230 4267 2391 4332 tradi
2437 4265 2601 4332 Mar·

649 4420 690 4497 ¹)
781 4383 1062 4500 Hygi-nus
1106 4422 1173 4480 in
1223 4420 1437 4479 Pacem
1484 4419 1590 4495 (ef.
1640 4421 1859 4496 Poem.‚
1906 4439 2045 4499 pag.
2098 4420 2262 4495 147).

639 4504 684 4583 2)
727 4506 1028 4567 Henricus
1050 4506 1238 4567 Hooft
1260 4506 1499 4583 saepius
1522 4504 1640 4567 fuit
1660 4504 2347 4566 Amstelaedamensium
2372 4503 2599 4564 consul.
