2975 5209
1350 517 1430 578 97

1288 711 1374 772 79
1419 713 1478 794 ¹).

797 945 808 956 ι
1127 851 1262 914 lano
1309 849 1665 915 Broukhuslo

840 960 1052 1026 Theod.
1099 961 1390 1026 lansonius
1436 961 1509 1024 ab
1553 962 1931 1026 Almeloveen.

461 1150 782 1180 ......
789 1101 986 1166 Recta
1059 1103 1138 1166 ad
1213 1103 1546 1189 epistolam*
1594 1109 1761 1184 tuam
1812 1103 2127 1189 transilio,
2178 1106 2240 1168 in
2292 1127 2413 1191 qua

351 1220 631 1306 primum
680 1223 948 1286 occurrit
1000 1222 1143 1288 ferri
1193 1223 1481 1287 Baelium
1534 1244 1670 1287 esse
1721 1230 1999 1288 autorem
2047 1223 2415 1288 Dictionarii

353 1340 597 1418 critici,
659 1337 834 1428 'quod
902 1342 1016 1406 sub
1087 1343 1207 1406 fide
1258 1342 1482 1406 silentii
1531 1363 1643 1428 pro
1695 1349 1861 1406 certo
1890 1341 2056 1434 „Tibi
2105 1344 2413 1410 affirmare

349 1481 653 1546 possum,
729 1463 780 1525 si
856 1461 1106 1547 quidem
1154 1463 1290 1547 ipse
1338 1482 1460 1524 una
1512 1482 1649 1524 cum
1702 1462 2009 1546 adjunctis
2058 1464 2249 1528 literis
2301 1487 2402 1530 me

351 1581 739 1665 exemplari,
792 1603 907 1668 pro
959 1581 1143 1644 solita
1191 1602 1304 1644 sua
1354 1580 1733 1645 humanitate
1784 1601 2161 1668 permagna,
2216 1583 2415 1650 dona-

350 1699 484 1784 vit,
555 1701 951 1786 rogavitque,
1017 1707 1086 1764 ut
1149 1701 1200 1763 si
1247 1697 1392 1786 quid
1440 1700 1501 1762 in
1552 1721 1627 1762 eo
1680 1699 2083 1765 observarem
2131 1703 2410 1768 animad-

350 1820 644 1884 versione
672 1820 922 1905 dignum
950 1821 1336 1908 apertissime
1367 1841 1508 1882 cum
1535 1841 1607 1884 eo
1644 1822 2253 1887 communicarem.”.
2295 1873 2308 1886 .
2349 1873 2363 1886 .
2394 1873 2409 1888 .

350 1937 714 2023 Respondit
786 1939 864 2002 ad
933 1939 1314 2003 Broukhusii
1393 1940 1722 2026 epistolam
1798 1940 1970 2006 locos
2021 1941 2283 2006 afferens
2334 1943 2413 2008 de

347 2058 596 2120 Aristio
648 2057 873 2122 Fusco,
951 2059 1225 2123 Pedonis
1259 2057 1639 2122 Albinovani
1673 2060 1948 2144 elegiae,
1987 2059 2092 2123 ubi
2128 2039 2413 2147 exstent,

349 2176 480 2239 sibi
529 2176 788 2256 indicari
839 2179 985 2242 vult.

334 2309 339 2312 “
457 2295 742 2361 Goudae.
797 2318 852 2360 a.
909 2297 966 2360 d.
1019 2297 1132 2360 III.
1185 2297 1418 2362 Nonar.
1451 2297 1601 2361 Julii
1648 2296 2061 2362 MDOVIIIO.

1493 2470 1596 2485 VM

1255 2569 1530 2634 LXXX.

842 2712 1147 2776 Theodoro
1194 2712 1455 2776 lansonlo
1500 2712 1573 2775 ab
1619 2712 1977 2777 Almoloveen

1079 2824 1248 2886 lanus
1292 2822 1695 2887 Broukhusius.

458 2960 646 3026 Adeo
717 2985 816 3027 me
890 2971 1166 3028 amanter
1231 2963 1309 3027 ad
1359 2963 1693 3049 hospitalia
1746 2984 1995 3031 mensae
2044 2969 2187 3029 tuae
2236 2985 2414 3030 sacra

353 3081 626 3166 invitas,
704 3083 789 3146 mi
850 3065 1286 3167 Almelove'ni,
1364 3091 1491 3147 tam
1566 3095 1887 3147 venustum
1936 3084 2415 3149 lectissimorum

353 3203 643 3267 virorum
711 3213 952 3268 coetum
1024 3225 1516 3284 commemoras,
1577 3210 1672 3288 ut,
1727 3205 1788 3266 ni
1838 3205 2121 3268 continuo
2173 3205 2251 3268 ad
2302 3227 2413 3270 vos

351 3323 718 3407 provolem,
790 3325 948 3410 lapis
1025 3325 1168 3410 sim,
1221 3346 1341 3389 non
1393 3324 1608 3388 hom0.
1707 3323 1777 3386 In
1827 3323 2043 3409 primis
2094 3345 2196 3388 me
2244 3331 2412 3389 tenet

353 3441 743 3506 desiderium
794 3444 1041 3508 videndi
1085 3452 1144 3508 et
1192 3444 1500 3507 salutandi
1549 3443 1844 3507 Nobiliss.
1942 3441 2149 3527 *Wittii
2186 3445 2257 3530 ²),
2311 3445 2411 3508 cui

354 3569 426 3625 et
475 3561 596 3646 ipsi
645 3563 802 3626 hanc
844 3585 1095 3649 operam
1129 3565 1265 3647 jam
1299 3563 1541 3649 pridem
1578 3563 1801 3628 debeo.
1886 3563 2107 3650 Neque
2143 3585 2243 3627 me
2271 3564 2413 3628 libri

350 3688 608 3765 tenent,
677 3703 874 3769 neque
948 3684 1240 3747 valetudo
1310 3683 1642 3747 intercedit
1704 3705 1824 3768 quo
1875 3682 2075 3752 minus
2126 3684 2407 3747 veniam:
2491 3679 2493 3682 ’

353 3801 479 3865 sed
555 3803 872 3867 molestior
945 3805 1164 3889 aliquis
1255 3802 1568 3886 tribuum,
1648 3801 1918 3866 officium
1992 3801 2279 3867 videlicet
2351 3807 2413 3867 et

465 3993 508 4068 ¹)
594 3997 666 4054 In
711 3998 1096 4058 Bibliotheca
1139 3996 1546 4075 Lugdunensi.

451 4080 499 4153 ²)
585 4081 840 4142 Videtur
905 4087 972 4143 Β.
1049 4085 1392 4161 significare
1457 4086 1757 4142 «loannem
1825 4083 1899 4140 de
1965 4083 2151 4158 Witt,
2218 4084 2411 4142 filium

347 4165 651 4243 Joannis,
721 4171 820 4245 qui
863 4189 987 4228 rem
1033 4170 1338 4247 publicam
1381 4173 1648 4228 nostram
1694 4170 1879 4246 gessit
1924 4175 2107 4244 atque
2154 4169 2410 4242 admini-
2487 4163 2493 4168 ’

349 4252 594 4310 stravit.
683 4255 774 4312 De
842 4255 996 4314 Witt
1063 4257 1558 4331 (1662-1701),
1636 4256 1839 4328 Jctus,
1910 4256 2127 4314 multas
2174 4257 2410 4316 visebat

348 4337 668 4414 regioneS,
731 4343 844 4398 fuit
896 4343 1062 4398 urbis
1110 4341 1603 4400 Dordrechtanae
1651 4359 1685 4397 a
1730 4341 2006 4413 secretiS,
2058 4346 2117 4398 et
2162 4341 2408 4417 collegit
2469 4407 2473 4412 ,

348 4425 688 4502 permultas
753 4446 849 4484 res
916 4429 1224 4504 pretiosas.
1319 4427 1575 4484 Carmen
1622 4427 1877 4500 funebre
1924 4426 1985 4482 in
2031 4426 2202 4482 illum
2250 4444 2405 4484 com-

347 4511 565 4590 posuit
607 4513 674 4568 Β.
728 4515 973 4588 (Poena,
1019 4532 1156 4590 pag.
1211 4513 1330 4585 12).
