2975 5209
1936 270 1941 275 ¹
2016 271 2595 459 ’ῘΡΤξωκ

2155 488 2660 589 &7253-

716 1000 2071 1109 ΡΕΑΞῈΑτῑώ-

455 1591 555 1655 De
624 1591 765 1656 Jani
833 1592 1217 1657 Broukhusii
1268 1594 1392 1658 vita
1443 1599 1505 1659 et
1554 1594 1801 1681 seriptis
1850 1597 2027 1661 multi
2075 1597 2191 1661 viri
2244 1598 2410 1663 docti

368 1712 800 1795 disseruerunt.
905 1712 1002 1778 Ae
1067 1714 1335 1799 primum
1405 1713 1655 1801 quidem
1706 1713 1929 1780 Petrus
1976 1716 2403 1803 Bul-mannua,

359 1832 486 1919 qui.
534 1834 593 1896 in
667 1831 1012 1898 Academia
1086 1833 1438 1899 Traiectina
1511 1833 1801 1899 historias
1871 1842 1933 1899 et
1989 1836 2405 1923 eloquentiam

352 1952 793 2039 profitebatur,
871 1974 924 2017 a.
961 1954 1019 2017 d.
1097 1952 1223 2017 VII
1285 1954 1429 2019 Kal.
1484 1953 1675 2019 Febr.
1731 1954 2129 2019 MDOOVIII
2185 1956 2403 2023 laudes

353 2071 533 2135 amici
581 2071 834 2157 publiea
882 2074 1156 2138 oratione
1209 2073 1549 2139 celebravit
1588 2076 1645 2151 ¹).
1724 2073 1972 2139 Deinde
2022 2075 2199 2139 alteri
2245 2076 2404 2141 inter

353 2191 586 2257 amieos
635 2198 862 2277 poetae
895 2193 1086 2257 nostri
1123 2194 1474 2257 maximam.
1500 2192 1803 2257 debemus
1838 2194 2135 2279 gratiam,
2172 2194 2404 2261 Davidi

351 2308 814 2396 Hoogstratano
868 2312 1045 2397 dieo,
1083 2312 1351 2377 Scholae
1390 2310 2029 2377 Amstelaedamensis
2052 2314 2213 2378 “olim
2250 2336 2393 2401 pro-

351 2428 606 2515 reotori‚
647 2430 748 2519 qui
781 2406 1160 2494 Broukhusii
1185 2430 1413 2495 famam
1447 2442 1509 2495 et
1534 2430 1701 2516 apud
1732 2432 2021 2518 aequales
2058 2433 2402 2521 divulgavit

347 2555 409 2612 et
451 2548 534 2617 „ad
562 2535 868 2635 ‘posteros
918 2548 1184 2614 tradidit.
1264 2549 1427 2615 Nam
1478 2572 1595 2615 non
1648 2551 1853 2615 solum
1904 2552 2034 2615 eius
2094 2552 2401 2620 Poemata

346 2666 570 2733 Latina
619 2669 870 2754 collegit
918 2676 980 2735 et
1027 2670 1218 2735 edidit
1251 2672 1343 2756 2),
1397 2670 1511 2735 sed
1562 2671 1748 2736 etiam
1798 2672 2074 2737 earmina
2134 2673 2397 2760 Belgica

344 2788 565 2852 iterum
614 2790 792 2874 prelo
842 2790 1157 2857 mandavit
1185 2792 1233 2874 3)
1286 2796 1466 2855 aucta
1517 2796 1701 2877 atque
1752 2798 1969 2856 ornata
2018 2792 2185 2857 vitae
2221 2813 2398 2886 enar·

345 2908 582 2973 ratione
631 2908 778 2972 satis
829 2915 1116 2999 accurata
1165 2916 1226 2974 et
1277 2909 1555 2995 eopiosa.
1630 2910 1704 2974 In
1754 2909 1913 2975 libro
1952 2932 2135 2997 quem
2170 2910 2395 2977 Petrus

344 3026 620 3091 Hofman
667 3011 1044 3113 Peerlkamp
1085 3028 1332 3114 scripsit
1385 3028 1482 3093 De
1516 3031 1649 3093 vita
1676 3028 1975 3093 doctrina
2004 3036 2059 3093 et
2068 3030 2399 3113 facultate

344 3144 910 3211 Nederlandorum
977 3149 1088 3232 qui
1157 3149 1452 3211 carmina
1524 3148 1773 3211 Latina
1824 3156 2313 3231 composuerunt
2344 3151 2395 3233 4)

444 3358 484 3433 ¹)
553 3360 726 3417 Petri
793 3359 1144 3418 Burmanni
1206 3360 1422 3420 Oratio
1467 3362 1535 3417 in
1582 3362 1807 3420 obitum
1855 3363 1980 3419 viri
2026 3364 2273 3439 optimi,
2341 3371 2397 3421 et

333 3449 664 3522 po‘e‘tarum
709 3446 811 3503 sui
834 3446 1124 3520 temporis
1141 3448 1454 3522 principis
1477 3446 1633 3504 Jani
1657 3446 2069 3527 Broukhubsii,
2119 3448 2397 3517 defuncti

345 3550 402 3587 a.
448 3532 504 3587 d.
574 3530 806 3587 XVIII.
881 3529 1024 3587 Kal.
1089 3530 1440 3589 Januarias
1508 3530 2128 3606 MDOOV111(vido:
2218 3533 2391 3591 Petri

347 3615 699 3674 Burmanni
761 3614 1114 3689 Orationes,
1191 3623 1373 3674 antea
1428 3618 1699 3692 sparsim
1753 3618 1975 3691 editae,
2045 3624 2100 3676 et
2142 3619 2393 3677 ineditis
2504 3657 2506 3659 -

347 3706 578 3758 auctae.
671 3702 923 3759 Accedit
985 3700 1341 3759 Carminum
1400 3702 1749 3777 Appendioe.
1843 3701 2061 3779 Hayae
2108 3702 2389 3779 Comitis,

343 3785 538 3861 Apud
583 3785 652 3842 P.
703 3784 774 3842 G.
826 3802 945 3842 van
994 3784 1206 3843 Balen.
1255 3786 1705 3861 MDCCLIX,
1750 3806 1891 3864 pag.
1944 3788 2097 3863 158,
2146 3806 2275 3864 sqq.

435 3870 482 3943 2)
545 3870 700 3928 Jani
747 3870 1134 3928 Broukhusii
1180 3870 1530 3929 Poe-matum
1578 3871 1726 3928 libri
1770 3874 2039 3931 sedecim.
2132 3872 2393 3935 Editore

344 3954 590 4013 Davide
636 3954 1119 4033 Hooqstratano.
1167 3955 1653 4015 Amstelaedami
1699 3956 1971 4016 Eoecudit
2012 3958 2390 4017 Franciscus

343 4038 576 4097 Halma
623 4084 636 4098 .
686 4083 698 4096 .
751 4083 762 4096 .
813 4082 825 4097 .
895 4038 1226 4098 MDCCXI.

357 4196 363 4201 .
431 4120 480 4196 ³)
548 4125 608 4183 J.
671 4124 736 4183 V.
789 4124 1243 4183 Broelchuizens
1292 4126 1618 4183 Gedichten
1668 4125 1757 4201 Op
1805 4128 1945 4184 nieu
1990 4126 2063 4202 by
2113 4145 2216 4184 een
2252 4144 2386 4185 ver-

339 4210 594 4285 yadert,
664 4228 735 4267 eu
791 4215 907 4266 mot
967 4211 1311 4269 verscheide
1369 4211 1502 4269 noit
1560 4210 1857 4269 voorheen
1909 4212 2208 4289 yedrukte
2252 4231 2387 4271 ver-
2470 4211 2474 4213 ’

339 4296 657 4354 meerclert.
751 4294 906 4352 Hier
965 4296 1020 4356 is
1083 4296 1151 4370 by
1210 4303 1454 4373 yevoeqt
1515 4296 1611 4353 het
1670 4296 1878 4354 Leven
1924 4298 2027 4355 des
2076 4296 2389 4356 Dichters.

353 4379 856 4453 T’Amsterdam,
923 4382 1007 4455 By
1059 4380 1308 4439 Gerard
1357 4382 1547 4439 onder
1592 4382 1665 4439 de
1711 4380 1974 4441 Linden.
2022 4380 2388 4440 MDOOX-II.

409 4459 482 4537 ¹4)
554 4464 766 4524 Editio
837 4465 1038 4522 altera
1109 4468 1427 4523 emendata
1486 4472 1541 4522 et
1602 4472 1803 4524 niceta.
1896 4465 2182 4524 Harlemi
2228 4468 2397 4543 apud

357 4548 738 4608 Vincentium
782 4551 1056 4625 Loosjes.
1105 4550 1750 4626 MDOCOXXXVHI,
1796 4569 1936 4629 pag.
1986 4552 2141 4625 455,
2188 4570 2317 4627 sqq.

1079 5016 1607 5163 ffi‘ssssssOQA
1624 5112 1689 5163 -ΑΙ
