2975 5209
1524 477 1654 542 164

481 705 489 712 -
557 673 785 761 Hagae
834 673 1174 759 Comitum,
1216 671 1612 758 Principibus
1645 672 1935 737 Auriacis
1972 671 2311 738 Frederico
2334 673 2623 738 Henrico

437 861 444 868 ,
561 799 625 860 et
688 793 1002 858 Gulielmo
1073 792 1139 857 H
1186 792 1300 856 fuit
1348 814 1387 856 a
1435 792 1711 857 secretis,
1813 791 2105 856 Carmina
2152 791 2378 856 Latina
2425 799 2623 878 atque

557 912 821 1000 Belgica
870 912 1080 978 edidit.
1167 911 1341 976 Obiit
1389 911 1449 976 d.
1502 910 1727 975 XXVI
1773 910 1980 976 Martii
2030 911 2163 977 eius
2214 912 2376 977 anni.

653 1032 812 1119 Pag.
867 1035 975 1097 55.
1077 1031 1352 1097 Joannes
1402 1031 1880 1118 Huydekooper
1929 1031 2384 1118 Marseveniu8‚
2421 1033 2585 1097 filius
2597 1082 2623 1115 ,
2660 1120 2665 1126 Ι

560 1152 624 1217 ni
669 1153 881 1238 fallor,
958 1153 1228 1218 consulis
1275 1150 1921 1217 Amstelaedamensis
1983 1152 2266 1217 eiusdem
2315 1153 2619 1238 nomiuiS,

563 1272 644 1336 ab
694 1292 853 1337 anno
903 1273 1079 1336 1675
1109 1270 1223 1335 fuit
1244 1271 1386 1336 urbi
1408 1269 1923 1337 Amstelaedamo
1952 1293 1990 1336 a
2018 1273 2293 1336 secretis,
2360 1270 2625 1336 Amicus

563 1397 696 1456 erat
741 1391 1123 1456 Broukhusii
1170 1391 1274 1478 (of.
1327 1390 1571 1477 Pom,
1623 1379 1770 1478 pag.
1826 1395 1897 1478 8,
1960 1395 2122 1477 106,
2178 1392 2373 1476 261),
2424 1391 2529 1479 qui
2563 1392 2627 1456 ei

564 1533 619 1576 a.
691 1514 867 1578 1684
918 1512 1222 1577 Poemata
1269 1534 1384 1577 sua
1441 1512 1784 1595 dedicavit,
1836 1520 1899 1578 et
1948 1513 2006 1578 d.
2058 1512 2157 1576 m
2204 1511 2376 1576 Junii
2432 1511 2610 1576 1703

565 1653 813 1699 carmen
884 1631 1143 1697 funebre
1209 1632 1271 1696 in
1329 1633 1507 1697 illum
1558 1633 1909 1719 composuit
1958 1633 2111 1717 (l.l.‚
2162 1653 2308 1717 pag.
2370 1632 2496 1716 14).

656 1751 814 1838 Pag.
894 1756 1000 1818 66.
1099 1751 1446 1816 Henniuius
1520 1752 1638 1816 sibi
1710 1752 1977 1838 gloriam
2037 1752 2371 1818 vindicavit
2417 1750 2621 1816 libelli

566 1872 796 1958 Rapini
866 1871 1090 1936 Latine
1163 1873 1326 1937 versi
1398 1894 1435 1936 a
1483 1872 1885 1938 Broukhusio
1936 1895 1989 1936 a.
2049 1874 2225 1938 1684
2279 1872 2382 1956 (cf.
2437 1870 2617 1954 Petri

571 1990 844 2056 Francii
914 1991 1213 2075 Epistola
1285 1993 1476 2056 tertia
1551 1992 1639 2057 ad
1714 1992 1780 2057 0.
1862 1993 2198 2056 Valerium
2247 1990 2629 2056 Accinctum

574 2159 871 2176 .....
932 2110 1197 2174 Amstel.
1253 2160 1267 2175 .
1323 2161 1337 2175 .
1393 2161 1407 2175 .
1464 2160 1478 2175 .
1541 2114 1750 2197 1696,
1804 2133 1949 2197 pag.
2006 2109 2147 2196 33).

662 2232 820 2316 Pag.
878 2232 1029 2295 111.
1131 2228 1289 2294 Cum
1336 2230 1702 2296 Perizonius
1752 2230 2174 2320 Franciusque
2232 2253 2301 2295 se
2357 2231 2631 2296 invicem

576 2350 1008 2435 obiurgarem,
1080 2349 1515 2415 Broukhusius
1562 2351 1788 2415 invasit
1838 2349 2223 2415 Gronovium
2271 2351 2484 2417 libello
2534 2351 2633 2415 fa-

574 2476 744 2554 ceto,
821 2471 919 2534 cui
989 2470 1234 2534 titulus:
1327 2470 1602 2556 Rutqeri
1672 2470 2163 2535 Hermannidae
2230 2470 2297 2534 J.
2389 2470 2456 2534 U.
2535 2469 2626 2535 D.

575 2588 964 2654 Justissima
1026 2590 1114 2655 ad
1180 2588 1517 2654 Publioum
1569 2591 1844 2671 Querela
1894 2641 1908 2654 .
1964 2639 1978 2654 .
2035 2642 2048 2654 .
2106 2641 2119 2654 .
2176 2590 2367 2656 Anno
2423 2594 2624 2656 1696.

578 2707 679 2772 De
725 2709 834 2773 illo
885 2708 1044 2772 libro
1096 2709 1248 2772 alias
1297 2709 1552 2774 uberius
1603 2731 1806 2795 agam.

670 2825 976 2913 Peccata,
1049 2849 1207 2913 quae
1276 2829 1373 2893 vel
1424 2851 1754 2915 operarum
1803 2830 1904 2894 vel
1954 2851 2098 2894 mea
2144 2831 2339 2916 ipsius
2386 2829 2653 2904 incuria„

577 2944 954 3030 irrepserunt
993 2947 1074 3031 ¹),
1128 2947 1322 3011 lector
1370 2947 1707 3012 benevolus
1754 2949 1907 3012 mihi
1958 2929 2283 3014 condonet.

689 4132 729 4208 ¹)
816 4135 1235 4196 Animadverti
1276 4139 1457 4200 haec:

672 4221 820 4298 Pag.
871 4223 940 4296 9,
986 4222 1092 4280 lin.
1143 4226 1220 4281 32
1269 4223 1543 4284 Aeonius
1631 4226 1769 4305 lege
1815 4228 2075 4288 Aonius.

722 4349 749 4381 ,‚
828 4308 938 4381 11,
1017 4351 1044 4383 ,‚
1143 4309 1219 4367 29
1268 4311 1393 4368 sint
1677 4356 1704 4388 ,‚
1815 4322 1977 4372 sunt.
2392 4329 2409 4348 ⁸

721 4435 749 4467 „
823 4391 938 4466 57,
1017 4435 1044 4467 ,‚
1141 4396 1217 4452 26
1269 4396 1567 4455 Gulielmo
1600 4397 1643 4454 I
1682 4441 1709 4473 ,‚
1820 4399 2147 4460 Frederico
2197 4402 2496 4462 Gulielmo
2544 4399 2598 4460 1.

725 4520 752 4554 „
851 4521 879 4553 ‚,
1016 4521 1044 4553 ‚,
1140 4481 1219 4538 28
1268 4481 1547 4543 Basiliae
1690 4527 1717 4559 ,‚
1828 4485 2131 4546 Basileae.
