2975 5209
1365 437 1372 444 ·
1486 449 1617 510 140

1433 645 1564 707 119
1608 645 1669 728 1).

1211 807 1553 892 (francisco
1599 811 1828 877 Halmao
1854 819 1900 890 ²)

1229 919 1398 983 lanus
1442 921 1873 1002 Broukhusius).

631 1082 1127 1168 Quadringentos
1203 1085 1432 1170 libros,
1535 1089 1815 1174 inprimis
1910 1089 2228 1174 Graecos,
2308 1091 2581 1156 vendere

529 1203 657 1264 vult
695 1204 762 1286 3).

625 1321 1118 1408 Amstelodami,
1175 1327 1260 1386 22
1314 1325 1535 1391 Octob.
1594 1331 1790 1406 1698.

1349 1499 1407 1512 W
1411 1499 1480 1513 ss„
1484 1499 1763 1516 *Nmffsoes-sx

1496 1579 1644 1642 120.

1180 1717 1369 1780 loanni
1415 1715 1662 1801 Geor-uio
1707 1717 1951 1784 Graevio

1264 1828 1433 1890 lanus
1477 1829 1879 1896 Broukhusius.

631 1964 878 2028 Gratias
947 1967 1074 2050 agit
1121 1989 1236 2051 pro
1288 1967 1588 2033 Cicerone
1640 1969 1927 2057 Graevii,
1983 1995 2165 2058 quem
2216 1975 2456 2058 accepit
2498 1975 2580 2057 4).
2631 1987 2637 1992 ’

627 2084 730 2148 Ex
781 2107 920 2148 mea
970 2108 1196 2150 erem0.
1247 2087 1419 2151 VIII.
1478 2088 1698 2152 Octob.
1763 2094 1959 2156 1699.

1405 2318 1410 2323 ’
1452 2331 1573 2392 121
1619 2331 1689 2412 ⁸).

1300 2468 1437 2531 lano
1484 2469 1840 2534 Broukhusio

1145 2579 1318 2642 David
1363 2580 1436 2642 ab
1483 2580 1875 2663 *locasti-aton
1906 2583 1972 2660 ⁰).

633 2768 644 2781 .
842 2769 859 2781 ,.
913 2719 1126 2796 „Scito
1195 2741 1296 2784 me
1361 2721 1512 2784 nihil
1577 2722 1824 2785 omnino
1886 2722 2044 2786 scire
2118 2721 2195 2786 de
2260 2728 2393 2785 toto
2462 2741 2590 2784 car-

540 2831 770 2892 minum
807 2839 1152 2894 nostrorum
1189 2833 1456 2917 negotio,
1508 2833 1634 2898 Sed
1668 2835 2014 2919 significare
2066 2835 2265 2911 volui,
2319 2835 2368 2897 si
2419 2834 2581 2897 forte

629 3030 667 3102 ¹)
756 3029 826 3086 In
857 3029 1241 3088 Bibliotheca
1264 3029 1679 3106 Lugdunensi.
1726 3029 1998 3106 Epistola
2029 3028 2277 3104 Belgico
2311 3046 2591 3086 sermone

536 3115 648 3171 scri
697 3119 758 3173 ta
805 3121 912 3173 est.
1235 3167 1240 3171 .

624 3135 690 3273 2)p
721 3183 728 3193 ¹
757 3201 1043 3273 Francois
1100 3199 1316 3257 Halma
1361 3201 1618 3275 (1653-
1649 3202 1856 3271 1722),
1904 3198 2236 3275 bibliopola
2281 3199 2581 3272 Traiecti,

538 3285 756 3344 deinde
843 3285 1347 3357 Amstelaedami,
1437 3291 1739 3362 postremo
1813 3284 2220 3356 Leovardiae‚
2293 3283 2591 3343 amicitias

536 3371 738 3430 iunxit
806 3391 938 3430 cum
993 3370 1199 3429 multis
1244 3371 1388 3428 viris
1433 3370 1625 3429 doctis
1671 3377 1853 3445 atque
1897 3370 2091 3447 poetis
2156 3371 2293 3446 Ipse
2338 3370 2451 3428 sibi
2496 3371 2586 3426 fa-

538 3477 693 3515 mam
741 3464 1094 3517 consecutus
1142 3462 1229 3514 est
1276 3457 1638 3514 carminibus
1671 3456 1919 3532 Belgico
1951 3473 2227 3514 sermone
2260 3454 2511 3531 scriptis,

628 3539 675 3616 3³)
742 3543 948 3600 Mense
1015 3543 1233 3601 Martio
1300 3545 1457 3600 1699
1528 3544 1595 3599 Β.
1656 3541 2145 3599 Amstelaedamo
2200 3541 2481 3617 migravit
2524 3541 2587 3598 in

535 3629 1074 3785 Ρᾶξξωθῒέἑῗὶῗιιέ
1082 3647 1368 3772 {fin-1699
1417 3713 1725 3772 Ciceronis
1770 3712 2087 3770 Orationes
2134 3711 2339 3770 edidit.

628 3797 677 3872 5)
764 3800 833 3857 In
881 3801 1260 3859 Bibliotheca
1303 3798 1714 3875 Lugdunensi.

627 3883 675 3957 ὓ)
764 3886 958 3944 David
1001 3906 1117 3944 van
1165 3886 1573 3964 Hoogstraten
1602 3885 1791 3957 (1658
1816 3885 2097 3956 -1724),
2128 3882 2589 3954 Roterodamu3‚

538 3970 654 4027 arti
720 3971 1053 4029 medicinae
1113 3989 1358 4048 operam
1403 3969 1568 4027 dedit
1612 3969 1913 4044 Lugduni.
2003 3968 2294 4026 Dordraci
2340 3967 2587 4026 medici-

538 4074 676 4112 nam
722 4059 1078 4130 exercebat,
1123 4063 1336 4133 postea
1380 4059 1696 4112 conrector
1742 4055 1853 4112 fuit
1902 4054 2211 4130 Gymnasii
2240 4053 2577 4111 Amstelae-

539 4140 852 4198 damensis.
945 4142 1146 4200 Edidit
1212 4142 1477 4198 carmina
1536 4138 1787 4215 Belgica
1847 4145 2027 4215 atque
2087 4140 2341 4211 Latina,
2402 4139 2589 4197 vertit

538 4225 784 4302 Belgice
827 4227 1046 4285 multos
1092 4234 1367 4285 auctores
1411 4226 1682 4283 Latinos,
1772 4225 2017 4282 Amicus
2059 4225 2172 4282 fuit
2202 4224 2589 4298 Broukhusii,

540 4311 641 4386 qui
686 4310 777 4367 illi
824 4331 1028 4369 omnes
1070 4313 1257 4370 libros
1303 4329 1440 4369 suos
1485 4329 1666 4368 manu
1712 4311 1963 4388 scriptos
2012 4316 2070 4367 et
2114 4328 2587 4387 magnamlpar-

536 4402 658 4455 tem
707 4396 1109 4455 bibliothecae
1155 4417 1298 4455 suae
1343 4397 1590 4472 legavit.
1682 4396 2163 4472 Hoogstratanus
2210 4402 2270 4455 et
2319 4395 2596 4453 carmina

539 4481 762 4541 Latina
817 4483 1184 4542 Broukhusii
1232 4489 1292 4542 et
1335 4486 1621 4562 poemata
1664 4483 1992 4541 vernacula
2035 4482 2255 4540 iterum
2298 4479 2503 4540 edidit.
