2975 5209
1477 434 1565 496 22

490 631 736 721 hemius
779 631 820 714 ¹)
909 628 1019 693 ubi
1099 628 1293 715 foret,
1397 627 1680 693 Treviris
1756 629 2072 715 expiscari
2142 650 2265 695 non
2334 631 2513 717 potui
2536 682 2553 717 ,

489 771 705 817 verum
771 749 912 813 istic
958 770 1079 813 non
1131 755 1281 813 erat.
1381 748 1568 834 Rogo
1620 755 1719 833 te,
1790 749 2235 815 humanissime
2284 749 2553 837 Graevi,

515 870 568 933 si
635 870 784 956 quid
825 870 932 933 ‘de
1001 888 1078 933 ea
1142 889 1212 933 re
1277 868 1383 931 fiet
1447 888 1559 932 seu
1606 867 1864 931 feliciter
1913 888 2023 931 seu
2072 888 2287 954 secus,
2338 875 2407 933 ut
2453 892 2559 936 me

493 992 617 1054 cito
715 988 1046 1053 certiorem
1127 987 1360 1073 facias,
1431 987 1616 1052 etiam
1686 989 1738 1051 si
1800 1009 1914 1075 spe
1984 989 2308 1075 excidam,
2389 992 2555 1077 quod

499 1131 625 1175 non
675 1108 836 1173 adeo
884 1107 1150 1171 moleste
1203 1128 1458 1194 possum
1509 1105 1709 1193 ferre,
1762 1129 1901 1171 cum
1949 1108 2218 1173 habeam
2253 1109 2552 1175 hactenus

493 1228 660 1293 unde
735 1248 875 1291 cum
951 1227 1158 1312 aliquo
1230 1228 1466 1291 honore
1540 1228 1762 1291 vivam.
1858 1227 2021 1292 Vale
2094 1229 2435 1295 clarissime
2494 1236 2557 1295 et

503 1347 820 1415 carissime
875 1346 1146 1433 Graevi,
1195 1368 1422 1433 meque
1471 1368 1684 1411 amare
1730 1368 1963 1434 perge,
2019 1356 2080 1413 et
2128 1350 2343 1413 amicis
2384 1372 2551 1415 com-

501 1467 791 1573 munibus
887 1490 925 1531 a
1016 1490 1118 1533 me
1195 1468 1454 1532 salutem
1508 1468 1811 1534 nunciato.
1914 1467 2235 1555 Ordingae
2267 1473 2361 1559 ²),
2415 1471 2547 1538 Cal.

501 1586 680 1652 Mart.
737 1589 933 1653 1677.

1324 1736 1735 1752 Ι-ΛΛΛΓ..“ΛΛΛΙ“ΦΛΣΓΙ-Ι“.ι

1480 1838 1583 1899 11.

1145 1995 1335 2060 loanni
1382 1992 1629 2076 Georgia
1675 1992 1918 2058 Graevio

1323 2103 1724 2169 Brockhusius.

597 2246 774 2330 „Diu
821 2267 924 2311 me
979 2245 1170 2309 animi
1218 2265 1587 2332 suspensum
1634 2246 1827 2310 tenuit
1865 2248 2099 2311 incerta
2129 2248 2249 2311 ista
2282 2255 2343 2313 et
2370 2270 2560 2334 vaga—

516 2365 729 2433 bunda
776 2365 1217 2453 peregrinatio,
1272 2385 1392 2451 qua
1424 2364 1659 2450 aliquot
1690 2366 2068 2452 septimanas
2094 2368 2365 2452 jactatus
2400 2390 2556 2433 sum.
2602 2360 2609 2366 ’

501 2486 684 2551 Nunc
732 2487 920 2567 etiam
970 2486 1258 2551 desidero
1309 2485 1521 2550 literas
1570 2484 1849 2571 Francii,
1905 2488 2160 2573 quibus,
2213 2495 2285 2551 ut
2320 2490 2556 2575 opinor,

507 2607 888 2693 significabit
935 2604 1084 2693 quid
1117 2605 1194 2669 sit
1226 2604 1303 2670 de
1326 2604 1718 2691 praefectura
1744 2605 2035 2670 theatrali
2060 2608 2512 2693 expectandum
2540 2660 2556 2693 ,

505 2748 689 2816 quam
753 2726 862 2792 ille
918 2747 999 2791 ex
1053 2726 1150 2789 sui
1205 2726 1393 2790 animi
1449 2725 1751 2790 sententia
1807 2726 2154 2791 confectum
2212 2728 2288 2792 iri
2348 2728 2561 2794 crede-

506 2847 656 2914 bat”
689 2849 757 2933 ³).
787 2884 876 2895 —-
913 2846 1051 2919 Quo
1101 2866 1393 2910 successu
1425 2845 1674 2909 Francii
1698 2844 1955 2910 dicentis
1982 2853 2235 2913 conatus
2263 2856 2562 2937 exceptus

465 2946 472 2954 ²
508 2970 654 3033 est?
705 3008 794 3017 —
850 2966 1151 3051 „Utinam
1199 2966 1475 3029 licuisset
1523 2970 1586 3029 et
1632 2964 1786 3028 mihi
1833 2962 2084 3029 musicis
2132 2968 2268 3031 istis
2326 2969 2561 3034 deliciis

512 3094 791 3154 arentem
841 3094 902 3153 et
948 3087 1344 3173 languentem
1394 3085 1669 3150 animum
1719 3086 1957 3172 erigere
2006 3086 2085 3151 ad
2133 3108 2310 3174 spem
2358 3089 2561 3155 simile

509 3208 741 3296 aliquid
785 3207 1174 3294 praestandi!
1229 3206 1270 3271 J
1273 3228 1376 3271 am
1425 3206 1588 3271 enim
1639 3206 1831 3293 (quod
1880 3211 1941 3270 et
1986 3213 2048 3270 te
2082 3208 2336 3272 credere
2368 3208 2553 3275 facile

511 3330 725 3414 credo)
791 3347 895 3394 me
954 3327 1142 3413 hujus
1191 3326 1352 3392 vitae
1403 3326 1564 3391 serio
1612 3324 1863 3391 taedere
1910 3326 2141 3413 incipit.
2239 3326 2564 3415 Vagantur
2628 3309 2630 3311 ’

518 3450 620 3515 hic
683 3449 833 3513 mali
881 3468 1161 3512 rumores
1211 3446 1289 3512 de
1333 3446 1722 3531 inauspicato
1771 3452 2117 3511 nostrorum
2172 3468 2312 3512 cum
2362 3448 2565 3514 Gallis

513 3570 800 3635 conflictu
831 3566 948 3653 4).”
1006 3616 1020 3631 .
1075 3616 1090 3631 .
1145 3615 1160 3631 .
1215 3616 1230 3631 .

607 3688 816 3753 Silvae
862 3685 1089 3772 Ducis,
1156 3688 1233 3751 17
1289 3684 1491 3773 April.
1552 3687 1746 3750 1677.

1337 3852 1715 3874 ΨΦΦΜΣΛΛΨῈΓΦΛἿΓἉ
1718 3856 1743 3873 -Ἰ

801 3941 928 3949 ——a-—n

613 3986 655 4063 ¹)
741 3989 964 4066 Ignoro
1008 3986 1330 4046 hominem.

604 4070 656 4148 ²)
742 4073 1058 4151 Urdingen
1121 4091 1313 4151 pagus
1377 4072 1664 4150 parvulus
1709 4071 2128 4149 Limburgicus
2171 4072 2356 4132 fuisse
2398 4072 2565 4131 vide·
2608 4077 2627 4083 ”

522 4166 637 4219 tur.
729 4159 966 4235 Hodie,
1013 4158 1228 4233 credo,
1273 4176 1397 4217 non
1445 4163 1664 4217 exstat.

495 4303 507 4307 -
608 4240 658 4320 ³)
745 4245 1006 4304 Videtur
1029 4241 1408 4325 ⁴B.,{}3'rancii
1457 4242 1771 4321 epistolam
1814 4260 1935 4301 non
1982 4242 2297 4322 accepisse.

608 4328 658 4406 4)
748 4331 910 4393 Galli
985 4329 1172 4409 copiis
1253 4329 1547 4406 Principis
1618 4329 1865 4388 Auriaci
1932 4327 2166 4387 cladem
2228 4329 2569 4391 intulerunt

519 4418 678 4497 apud
722 4416 1138 4478 Mont-Kassel
1183 4416 1236 4491 d.
1283 4415 1383 4473 XI·
1421 4414 1669 4493 Aprilis.
