2975 5209
1548 465 1634 527 60

567 669 629 726 et
695 660 925 748 aliquid
975 682 1248 747 pangere
1298 668 1358 725 te
1410 668 1472 725 et
1524 660 1726 725 Petito
1779 661 2048 745 dignum.
2148 660 2421 725 Meretur
2468 680 2629 724 sane

564 781 670 867 qui
736 781 815 845 ab
885 780 1171 845 omnibus
1232 776 1555 869 φιλομούσις
1614 780 1990 864 celebretur,
2077 802 2216 845 cum
2264 780 2396 844 fere
2445 780 2627 843 solus

562 900 624 963 in
676 899 898 964 Galliis
945 909 1223 965 veterem
1275 922 1485 965 veram
1540 901 1892 965 doctrinam
1944 907 2156 966 contra
2205 900 2625 965 recentiorum

566 1023 967 1107 praestigiae,
1023 1022 1244 1108 quibus
1293 1022 1578 1107 plerique
1618 1042 1831 1085 omnes
1866 1021 2147 1085 fascinat-i
2186 1029 2246 1084 et
2281 1019 2627 1084 dementati

570 1150 744 1229 sunt,
798 1140 1230 1207 defenderit.'’.
1269 1192 1282 1203 .
1315 1191 1328 1204 .
1362 1191 1374 1204 .
1447 1140 1767 1223 „Salutem
1820 1141 1958 1204 dico
2010 1141 2420 1227 Amplissimo
2454 1139 2627 1203 Mar·
2660 1158 2664 1161 ’

571 1262 861 1346 sevenio,
911 1262 1020 1326 ubi
1071 1284 1213 1326 eum
1262 1262 1527 1341 videris,
1584 1272 1643 1327 et
1694 1276 1795 1325 tuo
1848 1260 2135 1345 patru0.’'

665 1380 837 1466 Traj.
890 1380 949 1446 d.
1000 1381 1099 1445 IX
1145 1382 1312 1469 Aug.
1352 1382 1560 1449 Julian
1626 1378 2109 1447 OIOIOCJIXG.

1394 1554 1561 1567 mmcd-,³
1573 1554 1667 1566 '‘s-Is
1694 1553 1801 1567 ‘sss

1526 1654 1665 1719 LJT.

1221 1814 1411 1879 loanni
1457 1813 1702 1898 Georgia
1750 1814 1991 1905 Graevio

1300 1924 1466 1989 lanus
1512 1925 1913 1990 Broukhusius.

674 2079 1002 2166 Ignosces,
1046 2079 1160 2144 Vir
1209 2080 1607 2168 Clarissimo,
1662 2082 1825 2169 quod
1877 2091 2001 2148 tam
2052 2082 2227 2148 tarde
2277 2062 2629 2169 respondeo

584 2199 665 2285 ad
713 2220 1035 2286 supremas
1085 2206 1238 2265 tuas.
1339 2201 1410 2264 In
1465 2223 1653 2266 causa
1704 2213 1793 2268 est
1845 2206 2113 2289 languor
2138 2204 2239 2289 qui
2266 2225 2366 2268 me
2392 2204 2629 2290 aliquot

585 2318 714 2382 dies
763 2340 884 2382 non
932 2319 1092 2383 bene
1141 2319 1395 2405 habuit,
1449 2343 1649 2408 neque
1699 2331 1903 2387 tamen
1956 2344 2030 2387 ea
2072 2345 2229 2409 quae
2263 2324 2417 2386 mihi
2456 2345 2625 2387 com-

583 2440 838 2503 mendas
915 2439 1169 2523 negotia
1241 2440 1426 2525 plane
1495 2442 1763 2527 neglexi.
1864 2442 1987 2527 Egi
2038 2443 2199 2507 enim
2252 2443 2330 2507 de
2382 2442 2625 2507 edendo

585 2579 776 2645 opere
823 2557 1129 2621 Vossiano
1173 2554 1234 2642 ¹),
1288 2560 1386 2623 cui
1434 2581 1535 2624 me
1584 2571 1733 2647 puto
1784 2562 2248 2647 typographum
2278 2562 2415 2645 jam
2452 2582 2625 2645 repc-

585 2678 774 2764 risse,
855 2685 959 2741 aut
1031 2684 1196 2741 certe
1271 2677 1444 2743 brevi
1494 2687 1902 2765 reperturum.
2006 2678 2313 2753 Quocirca
2365 2689 2511 2765 opto
2562 2693 2629 2742 ut

585 2798 879 2862 Cramero
929 2804 1137 2861 nostro
1188 2797 1265 2881 (is
1315 2798 1474 2861 enim
1527 2797 1699 2861 brevi
1738 2819 1805 2862 se
1846 2798 1967 2862 huc
2006 2806 2331 2863 venturum
2364 2798 2623 2883 recepit)

585 2919 875 2982 volumen
921 2916 1072 2980 illud
1122 2916 1200 2980 ad
1251 2938 1362 2980 nos
1413 2916 1814 2981 deferendum
1866 2917 2094 2982 tradas
2196 2917 2295 2983 De
2338 2916 2630 2981 Salmasii

583 3036 806 3101 Militia
877 3056 1062 3122 agam
1136 3036 1296 3099 serio
1370 3056 1509 3101 cum
1585 3037 2000 3123 WolfgangO,
2062 3038 2248 3101 simul
2296 3059 2369 3102 ac
2417 3058 2625 3101 rursus

567 3132 630 3221 i11
711 3156 1031 3243 publicum
1111 3154 1479 3242 prodierim3
1566 3158 1749 3220 statui
1822 3164 2028 3221 autem
2102 3157 2353 3243 prodire
2434 3177 2619 3242 quam

547 3278 864 3364 primum.
961 3276 1293 3360 Ignoscent
1363 3275 1515 3338 mihi
1574 3274 1763 3339 Petiti
1813 3296 2024 3339 manes
2075 3275 2237 3362 quod
2297 3275 2465 3339 nullo
2517 3296 2625 3339 eos

571 3396 857 3461 carminis
933 3395 1135 3460 officio
1210 3408 1573 3480 prosecutus
1649 3394 1782 3456 sim.
1890 3393 2151 3466 Quidvis
2226 3394 2390 3459 enim
2465 3414 2630 3457 nunc

575 3517 730 3581 mihi
777 3516 1110 3602 proclivius
1160 3514 1354 3599 foret,
1409 3534 1593 3599 quam
1649 3534 1858 3575 versus
1899 3512 2123 3577 facere.
2193 3512 2296 3576 Ad
2348 3512 2627 3598 Amplis-

575 3636 797 3700 simum
873 3633 1361 3719 Harscampium
1393 3634 1438 3716 2)
1515 3640 1656 3696 ante
1730 3633 1962 3718 aliquot
2033 3630 2167 3696 dies
2244 3632 2499 3717 scripsi,
2567 3646 2630 3696 et

577 3755 718 3819 misi
766 3754 950 3818 simul
1000 3753 1386 3839 epigramma
1434 3752 1494 3815 in
1540 3752 1805 3836 effigiem
1844 3758 2009 3815 tuam
2054 3754 2119 3836 3).
2174 3751 2299 3816 Sed
2335 3759 2629 3837 quantum

675 3975 715 4051 ¹)
805 3976 946 4034 Sine
1013 3974 1193 4031 dubio
1250 3991 1360 4049 pro
1442 3972 1737 4031 Vossiano
1795 3971 2121 4049 legendum
2182 3976 2271 4030 est
2330 3972 2625 4029 damiano.

574 4062 771 4123 Vossii
816 4060 1105 4135 Juniiq‘ue
1153 4063 1328 4117 erant
1373 4058 1608 4115 affines.

667 4148 709 4221 2)
807 4144 1144 4203 Everardus
1189 4145 1544 4219 Hartscamp
1590 4142 1703 4200 fuit
1736 4142 1866 4199 urbi
1906 4141 2345 4201 Ultraiectinac
2376 4160 2411 4199 a
2440 4159 2631 4199 secre-

578 4235 653 4293 tis
701 4232 888 4309 (videt
940 4232 1171 4303 Poena,
1215 4249 1350 4307 pag.
1402 4231 1568 4301 289).
1661 4227 1827 4285 Obiit
1871 4247 1906 4283 a
1979 4230 2157 4285 1691.

671 4315 718 4391 ³)
767 4317 1041 4384 Quatuor
1065 4316 1503 4392 epigrammata
1524 4314 1591 4370 B.
1619 4313 1949 4387 composuit
1965 4313 2023 4369 in
2042 4313 2367 4389 imaginem
2386 4312 2631 4370 Graevii

580 4406 840 4480 (Poem,
908 4420 1046 4478 pag.
1121 4402 1287 4472 277).
1379 4399 1641 4456 Primum
1708 4398 1995 4475 scriptum
2056 4406 2146 4457 cst
2200 4399 2255 4455 d.
2304 4398 2423 4455 VII
2467 4398 2625 4477 Aug.

587 4492 782 4565 1688,
828 4487 1066 4563 reliqua
1115 4486 1170 4544 d.
1218 4486 1280 4543 ΙΙ
1325 4483 1475 4543 Julii
1525 4486 1704 4541 1693.
