2975 5209
1319 469 1448 534 109

350 666 654 731 beneficio
722 668 1026 752 optimum
1105 671 1352 751 poetam
1405 665 1760 749 obstringe.
1866 663 2218 750 Numquam
2271 683 2390 749 ego

353 787 777 868 committam,
829 796 894 849 ut
939 759 1024 850 id'
1052 785 1280 848 factum
1322 785 1505 849 fuerit
1552 785 1683 847 sine
1722 790 1899 868 grata
1948 803 2399 846 commemora-

353 905 518 968 tione
571 905 892 968 clarissimi
945 905 1205 968 nominis
1257 905 1341 966 tui
1387 907 1445 987 ¹).
1548 903 1630 968 Et
1680 904 1957 989 profecto
2014 912 2077 966 tu
2132 924 2199 966 es
2245 924 2402 965 unus

355 1025 460 1089 ille
512 1032 696 1110 atque
748 1025 988 1108 unicuS,
1043 1024 1120 1089 ad
1172 1025 1348 1108 cujus
1409 1044 1672 1086 examen
1723 1022 1977 1108 probari
2009 1023 2196 1086 velim
2229 1041 2403 1084 meas

356 1144 935 1207 lucubratiunculas
1038 1143 1136 1206 De
1229 1143 1476 1206 dammo
1565 1141 1732 1228 quod
1804 1141 2056 1204 illustris
2096 1139 2398 1204 'Huetius
2478 1191 2485 1196 .

357 1262 537 1342 fecit,
635 1264 1036 1327 invitissimus
1135 1263 1349 1347 audio,
1429 1285 1543 1326 nec
1638 1269 1871 1326 tantum
1948 1261 2399 1326 bibliothecam

355 1375 652 1467 periisse,
685 1451 698 1456 ‚
753 1404 969 1446 verum
1020 1391 1080 1447 et
1111 1383 1294 1445 simul
1345 1389 1437 1445 tot
1483 1403 1583 1445 res
1634 1382 1944 1466 sapienter
1993 1380 2072 1444 ab
2114 1401 2187 1444 eo
2224 1380 2394 1464 cogi-

357 1507 548 1586 tatas,
634 1522 893 1586 quarum
961 1503 1208 1586 jactura
1283 1502 1554 1586 reparari
1625 1522 1743 1564 non
1810 1508 2033 1587 potest.
2134 1497 2391 1562 Utinam

359 1623 684 1710 periissent
735 1610 918 1707 'prius
992 1631 1248 1688 centena
1322 1622 1569 1710 aliquot⁸
1605 1621 1799 1683 millia
1849 1621 2156 1684 malorum
2208 1618 2400 1702 scrip-

361 1749 598 1825 torum,
654 1763 794 1805 cum
845 1748 975 1806 tota
1025 1742 1182 1806 adeo
1234 1741 1539 1827 sapientia
1572 1741 1889 1805 hodierna.
1990 1739 2156 1804 Illud
2194 1747 2400 1802 tamen

361 1858 506 1926 Viro
571 1883 816 1926 summo
869 1840 1117 1927 'restare
1167 1863 1385 1946 debet,
1440 1863 1545 1948 qui
1594 1871 1685 1925 est
1734 1882 2009 1924 summus
2058 1859 2403 1923 studiorum

361 1978 620 2065 fructus,
674 1988 741 2045 ut
787 1982 983 2067 possit
1031 1983 1156 2044 suis
1206 2004 1273 2045 se
1322 1982 1637 2046 involvere
1688 1979 2043 2064 virtutibuS,
2098 1987 2403 2042 eteorum

362 2119 540 2162 usum
589 2100 938 2185 resignare,
993 2122 1151 2186 quae
1200 2101 1470 2187 reposcit
1518 2122 1841 2187 supremus
1892 2121 2097 2164 rerum
2148 2100 2398 2163 arbiter.

361 2217 430 2282 In
478 2221 762 2284 versione
809 2220 1004 2284 libelli
1057 2220 1282 2284 Gallici
1331 2243 1431 2285 me
1481 2241 1601 2283 non
1655 2221 1924 2296 latebat,
1980 2221 2045 2284 la
2102 2218 2395 2312 Michera·

364 2339 536 2402 diere
585 2339 818 2403 dictum
853 2361 989 2404 esse
1022 2341 1263 2404 ridiculi
1296 2341 1534 2425 gratia,
1588 2361 1805 2404 verum
1842 2361 1917 2403 ne
1951 2360 2111 2403 nunc
2147 2338 2403 2425 quidem

366 2459 528 2545 scio,
592 2480 715 2546 qua
787 2461 1022 2525 ratione
1072 2461 1312 2525 articuli
1377 2462 1552 2526 istius
1603 2462 1765 2546 vim,
1815 2462 1875 2524 in
1927 2461 2043 2524 isto
2094 2459 2405 2524 idiomate

365 2579 770 2664 peculiarem,
855 2580 1076 2644 Latine
1155 2571 1506 2668 exprimere
1598 2581 1880 2646 debeam.
2006 2581 2075 2644 In
2130 2581 2408 2644 caeteris

368 2717 571 2765 errare
633 2700 848 2784 potui,
926 2711 986 2765 et
1053 2723 1202 2766 sane
1277 2723 1416 2766 cnm
1467 2703 1775 2766 mitterem
1824 2701 1932 2765 tibi
1986 2701 2404 2786 archetypon,

367 2817 636 2882 nondum
709 2819 915 2882 omnia
963 2819 1327 2905 relegeram.
1429 2821 1632 2893 Quam
1683 2827 1889 2886 tamen
1942 2822 2407 2888 excusationem

367 2957 440 3000 ne
489 2958 607 3022 ego
657 2937 909 3022 quidem
958 2940 1094 3024 ipse
1143 2939 1551 3005 admitterem.
1655 2940 1839 3012 Quod
1889 2941 1941 3004 si
1987 2941 2237 3004 libellus
2287 2940 2404 3002 iste

371 3053 595 3120 debeat
640 3057 698 3119 in
750 3059 950 3122 lucem
981 3059 1298 3123 hominum
1325 3061 1535 3144 exire,
1582 3061 1667 3145 (et
1694 3067 1832 3124 sunt
1856 3061 2124 3124 rationes
2160 3080 2319 3144 quae
2343 3058 2409 3122 id

369 3175 686 3259 suadeant)
736 3178 988 3242 mallem
1036 3189 1104 3242 ut
1154 3178 1372 3242 Gallus
1409 3180 1629 3265 aliquis
1658 3179 1879 3242 Latine
1905 3180 2139 3264 peritus
2166 3187 2407 3244 retexe-

372 3293 446 3356 rit
515 3301 709 3359 totum
785 3307 1045 3382 quantus
1119 3307 1246 3384 est,
1291 3295 1485 3385 'quam
1537 3307 1602 3362 ut
1650 3307 1894 3384 tempus
1943 3303 2186 3363 tereret
2218 3300 2403 3363 corri-

371 3415 580 3496 gendis
654 3417 808 3480 meis
884 3417 1194 3482 chartulis
1296 3418 1401 3482 Sin
1478 3435 1539 3482 et
1610 3419 1673 3481 id
1727 3420 1856 3483 fieri
1909 3419 2157 3504 nequit,
2208 3437 2408 3504 neque

369 3534 748 3618 remittantur
794 3537 946 3600 folia
993 3538 1235 3623 pridem
1285 3539 1677 3624 transmissa3
1731 3540 1909 3602 stabo
1961 3546 2065 3603 tuo
2116 3539 2404 3625 arbitri0‚

371 3659 428 3715 et
495 3653 720 3718 faciam
802 3658 966 3742 quod
1023 3658 1286 3741 jusseris
1321 3659 1388 3740 2).
1489 3657 1651 3722 Vale
1717 3657 1831 3722 Vir
1880 3657 2148 3743 Magne,
2204 3665 2263 3722 et
2311 3680 2412 3722 me

369 3777 534 3836 tuum
587 3795 798 3839 amare
846 3797 1058 3862 perge.

457 3890 932 3958 Amstelodami.
989 3897 1068 3959 31
1127 3895 1414 3982 Augusti.
1478 3901 1675 3962 1693.
1761 3851 1766 3854 -

1182 4044 1335 4059 mm
1338 4043 1504 4059 ersfJ
1510 4043 1592 4058 ‚cM

465 4139 506 4214 ¹)
597 4144 674 4203 Et
719 4145 781 4201 in
827 4144 1214 4207 Praefatione
1260 4144 1334 4202 ad
1379 4145 1757 4222 Propertium
1804 4151 1865 4205 et
1894 4147 2133 4224 saepius
2162 4145 2223 4204 in
2256 4119 2415 4206 notis

327 4267 332 4271 -
373 4225 610 4287 Graevii
654 4229 882 4289 mentio
929 4231 1093 4288 facta
1137 4237 1242 4289 est.
1592 4288 1597 4293 .
1738 4281 1747 4287 .
2175 4258 2187 4262 ·

371 4357 380 4361 -
456 4309 506 4386 ²)
594 4315 813 4372 Nes-cio
879 4334 956 4372 an
1022 4317 1089 4373 B.
1159 4316 1495 4374 versionem
1560 4317 1726 4375 illam
1778 4317 2059 4376 Latinam
2120 4318 2413 4391 ediderit3

369 4397 536 4458 nullo
605 4401 762 4458 enim
830 4401 948 4458 alio
1014 4402 1145 4460 loco
1216 4421 1391 4477 quam
1451 4403 1512 4459 in
1561 4404 1653 4460 his
1700 4405 1969 4481 epistolis
2014 4407 2177 4466 illius
2220 4408 2415 4466 libelli

371 4485 591 4545 mentio
635 4485 869 4544 incidit.
