2975 5209
1554 493 1640 556 88

561 687 812 774 saepius
859 687 1067 774 prodit
1113 687 1175 751 in
1223 687 1583 774 publicum,
1625 709 1764 752 cum
1800 689 2079 753 occultae
2112 688 2383 753 musices
2418 690 2623 753 nullus

565 808 644 873 sit
713 815 1033 896 respectus
1055 809 1086 872 1³
1164 806 1365 893 Vale,
1445 807 1560 872 Vir
1636 806 2033 893 Clarissime,
2112 817 2173 873 et
2245 809 2350 873 diu
2421 809 2625 876 fruere

562 927 796 1013 ingenii
843 928 933 992 tui
983 926 1293 992 laudibus.
1658 993 1666 999 ,
1860 1009 1870 1014 -

655 1033 1163 1133 Amstelodami,
1223 1051 1304 1112 14
1360 1047 1667 1125 Decemh.
1727 1051 1924 1114 1691.

1547 1327 1653 1388 73.

1208 1465 1400 1529 loanni
1447 1465 1695 1549 Georqio
1742 1466 1984 1532 Graevio

1291 1576 1462 1641 lanus
1510 1577 1913 1642 Broukhusius.

655 1715 962 1798 Dolo-rem
1022 1716 1327 1802 significat
1376 1717 1457 1782 ob
1512 1723 1778 1784 mortem
1827 1719 1936 1783 filii
1986 1718 2256 1784 Graevii.
2360 1721 2631 1786 Carmen

487 1899 494 1901 ,
565 1835 752 1899 mittit
797 1834 1059 1901 funebre
1099 1838 1163 1920 ¹).

656 1949 1146 2042 Amstelodami,
1197 1955 1403 2021 XXV.
1459 1956 1756 2024 Januarii.
1808 1957 1887 2022 A.
1944 1942 2425 2026 OIOIO'CIIXO
2460 1962 2529 2046 2).

1398 2122 1806 2140 WWNNaem

1451 2222 1751 2289 LXXIV.

1212 2365 1404 2429 loanni
1454 2364 1701 2448 (ἔωσι-910
1749 2364 1991 2431 Graevio

1287 2476 1456 2541 lanus
1504 2476 1907 2541 Broukhusius.

657 2614 1022 2680 Admodum
1098 2616 1250 2680 mihi
1322 2622 1571 2702 gratum
1646 2623 1776 2702 est,
1855 2615 1969 2680 Vir
2043 2615 2434 2696 Clarissime,
2511 2640 2633 2683 nec

563 2734 868 2821 mentior,
921 2755 1043 2798 non
1093 2734 1485 2822 displicuisse
1524 2737 2042 2825 qualemcumque
2074 2740 2346 2824 opellam
2380 2760 2625 2825 meam,

564 2861 625 2920 et
689 2853 895 2919 habeo
965 2855 1132 2941 quod
1194 2854 1388 2920 Musis
1457 2856 1613 2920 meis
1671 2857 2011 2942 imputem,
2063 2827 2399 2944 postquam
2449 2864 2628 2922 tuum

563 2973 869 3038 calculum
936 2979 1065 3038 tam
1133 2974 1442 3040 luculento
1514 2976 1869 3060 testimonio
1937 2977 2159 3040 mereri
2226 2983 2367 3041 sunt
2430 2977 2622 3041 visae.

558 3094 796 3160 Versus
841 3094 999 3182 iste,
1061 3096 1269 3177 Quum
1321 3104 1573 3180 superet
1606 3097 1751 3180 faci
1800 3099 1997 3162 litora
2030 3104 2085 3160 ei
2117 3100 2263 3181 ipsa.
2298 3098 2485 3162 dolor
2522 3099 2570 3181 ³)
2606 3149 2623 3182 ,

561 3213 788 3300 habet,
858 3223 927 3279 ut
975 3235 1194 3281 verum
1244 3215 1484 3302 dicam,
1556 3237 1678 3280 non
1727 3217 1880 3280 nihil
1930 3217 2356 3300 obscuritatiS,
2420 3239 2626 3304 neque

561 3343 768 3412 tamen
835 3340 1110 3421 tantum,
1176 3335 1320 3422 quin
1389 3336 1683 3400 illustrari
1771 3343 1955 3422 queat
2032 3335 2200 3399 haud
2275 3335 2623 3400 difficulter.

564 3453 710 3520 Hoc
757 3455 962 3520 volui:
1016 3476 1366 3520 moerorem
1414 3461 1589 3520 tuum
1633 3477 1706 3520 eo
1742 3477 1937 3543 usque
1970 3455 2341 3540 increvisse,
2384 3461 2451 3519 ut
2482 3463 2629 3541 post

661 3656 704 3734 ¹)
793 3659 871 3718 In
901 3663 1136 3734 sunere
1193 3659 1491 3718 Theodori
1537 3660 1789 3736 Georyii
1838 3659 2125 3734 Graevii,
2195 3661 2277 3716 ad
2322 3659 2627 3716 Joannem

570 3745 904 3824 Georyium
951 3745 1286 3803 Graevium
1334 3745 1601 3802 Patrem.
1693 3745 2112 3821 (Poem.,'pag
2156 3744 2283 3818 55.)

650 3826 702 3900 2)
789 3830 864 3888 In
935 3830 1052 3888 hae
1098 3833 1158 3889 et
1203 3830 1265 3887 in
1312 3830 1593 3906 sequenti
1642 3829 1899 3906 epistola
1951 3829 2017 3886 B.
2079 3848 2200 3887 non
2248 3834 2413 3888 recte
2460 3828 2621 3886 diem

563 3916 864 3993 ascripsit.
953 3915 1092 3974 Non
1139 3916 1298 3973 enim
1343 3934 1398 3973 a.
1449 3917 1649 3990 1688,
1698 3916 1803 3973 sed
1849 3934 1902 3972 a.
1943 3916 2102 3972 1692
2138 3914 2367 3973 Theod.
2404 3915 2625 3991 Georg.

563 4001 864 4061 Graevius
909 4000 1066 4060 obiit
1109 4000 1306 4078 (videz
1370 4000 1458 4060 Io.
1514 4001 1766 4078 Georyii
1812 4001 2069 4058 Graevii
2115 3999 2549 4065 Praefationes
2574 4007 2633 4057 et

567 4088 891 4164 Epistolae
959 4086 1133 4146 CXX
1181 4129 1194 4142 .
1245 4129 1258 4142 .
1309 4130 1322 4143 .
1373 4127 1384 4138 .
1451 4084 1797 4163 Hamburyi
1868 4093 1922 4143 et
1967 4086 2257 4161 Lipsiae,
2290 4129 2304 4141 .
2340 4130 2352 4142 .
2390 4131 2404 4144 .
2440 4086 2625 4159 1713,

563 4192 707 4252 pag.
780 4171 948 4245 501).
1059 4171 1406 4230 Sermonem
1471 4189 1592 4228 non
1664 4189 1795 4228 esse
1864 4170 1938 4228 de
2005 4171 2125 4229 alio
2188 4171 2432 4228 Graevii
2497 4170 2625 4228 filio

567 4263 824 4338 apparet
883 4275 963 4315 ex
1033 4257 1290 4334 epistola
1347 4256 1661 4330 sequenti,
1708 4257 1811 4314 ubi
1854 4256 2046 4314 multa
2088 4257 2307 4330 verba,
2356 4274 2511 4332 quae
2554 4253 2625 4312 B.

564 4345 628 4404 in
675 4342 951 4403 carmine
998 4343 1243 4402 funebri
1289 4341 1517 4399 Theod.
1553 4341 1771 4420 Georg.
1809 4342 2052 4401 Graevii
2082 4343 2417 4419 usurpavit,
2468 4360 2625 4400 com-

565 4435 1003 4491 memorantur.

655 4513 704 4598 3)
791 4516 894 4574 Vs.
932 4517 967 4576 4
1004 4513 1288 4576 carminis
1333 4512 1623 4573 funebris.
1675 4512 1741 4569 B.
1792 4531 2027 4572 versum
2078 4531 2196 4573 non
2241 4513 2516 4577 mutavit.
