<?xml version="1.0" encoding="UTF-8"?>
<!DOCTYPE html PUBLIC "-//W3C//DTD XHTML 1.0 Transitional//EN"
    "http://www.w3.org/TR/xhtml1/DTD/xhtml1-transitional.dtd">
<html xmlns="http://www.w3.org/1999/xhtml" xml:lang="en" lang="en">
 <head>
  <title>
</title>
<meta http-equiv="Content-Type" content="text/html;charset=utf-8" />
  <meta name='ocr-system' content='tesseract 3.04.00' />
  <meta name='ocr-capabilities' content='ocr_page ocr_carea ocr_par ocr_line ocrx_word'/>
</head>
<body>
  <div class='ocr_page' id='page_1' title='image "./epistolaeselect00worpgoog_0055.png"; bbox 0 0 2975 5209; ppageno 0'>
   <div class='ocr_carea' id='block_1_1' title="bbox 1362 534 1442 596">
    <p class='ocr_par' dir='ltr' id='par_1_1' title="bbox 1362 534 1442 596">
     <span class='ocr_line' id='line_1_1' title="bbox 1362 534 1442 596; baseline -0.013 0"><span class='ocrx_word' id='word_1_1' title='bbox 1362 534 1442 596; x_wconf 90' lang='grc'>41</span> 
     </span>
    </p>
   </div>
   <div class='ocr_carea' id='block_1_2' title="bbox 1307 730 1503 813">
    <p class='ocr_par' dir='ltr' id='par_1_2' title="bbox 1307 730 1503 813">
     <span class='ocr_line' id='line_1_2' title="bbox 1307 730 1503 813; baseline 0 -20"><span class='ocrx_word' id='word_1_2' title='bbox 1307 731 1389 793; x_wconf 82' lang='lat'>27</span> <span class='ocrx_word' id='word_1_3' title='bbox 1441 730 1503 813; x_wconf 85' lang='grc'>1).</span> 
     </span>
    </p>
   </div>
   <div class='ocr_carea' id='block_1_3' title="bbox 951 892 1853 1089">
    <p class='ocr_par' dir='ltr' id='par_1_3' title="bbox 951 892 1853 1089">
     <span class='ocr_line' id='line_1_3' title="bbox 1140 892 1680 960; baseline -0.002 -1"><span class='ocrx_word' id='word_1_4' title='bbox 1140 895 1278 960; x_wconf 86' lang='lat' dir='ltr'>lano</span> <span class='ocrx_word' id='word_1_5' title='bbox 1325 892 1680 960; x_wconf 80' lang='lat' dir='ltr'>Broukhusio</span> 
     </span>
     <span class='ocr_line' id='line_1_4' title="bbox 951 1004 1853 1089; baseline -0.002 -17"><span class='ocrx_word' id='word_1_6' title='bbox 951 1008 1191 1072; x_wconf 81' lang='lat' dir='ltr'>loannes</span> <span class='ocrx_word' id='word_1_7' title='bbox 1238 1005 1516 1089; x_wconf 74' lang='lat' dir='ltr'>Geor-qius</span> <span class='ocrx_word' id='word_1_8' title='bbox 1562 1004 1853 1071; x_wconf 76' lang='lat' dir='ltr'>Graevius.</span> 
     </span>
    </p>
   </div>
   <div class='ocr_carea' id='block_1_4' title="bbox 373 1172 2433 2577">
    <p class='ocr_par' dir='ltr' id='par_1_4' title="bbox 373 1172 2433 2577">
     <span class='ocr_line' id='line_1_5' title="bbox 471 1172 2427 1239; baseline -0.001 -3"><span class='ocrx_word' id='word_1_9' title='bbox 471 1172 740 1238; x_wconf 91' lang='lat' dir='ltr'>Mortem</span> <span class='ocrx_word' id='word_1_10' title='bbox 789 1172 1033 1236; x_wconf 87' lang='lat' dir='ltr'>Heinsii</span> <span class='ocrx_word' id='word_1_11' title='bbox 1059 1173 1389 1237; x_wconf 85' lang='lat' dir='ltr'>annuntiat.</span> <span class='ocrx_word' id='word_1_12' title='bbox 1447 1172 1779 1239; x_wconf 80' lang='lat' dir='ltr'>Constituit</span> <span class='ocrx_word' id='word_1_13' title='bbox 1817 1174 1949 1238; x_wconf 89' lang='lat' dir='ltr'>eius</span> <span class='ocrx_word' id='word_1_14' title='bbox 1985 1173 2174 1237; x_wconf 76' lang='lat' dir='ltr'>vitam</span> <span class='ocrx_word' id='word_1_15' title='bbox 2208 1172 2427 1237; x_wconf 83' lang='lat' dir='ltr'>litteris</span> 
     </span>
     <span class='ocr_line' id='line_1_6' title="bbox 373 1292 2426 1381; baseline -0.001 -24"><span class='ocrx_word' id='word_1_16' title='bbox 373 1294 642 1357; x_wconf 78' lang='lat' dir='ltr'><strong>tradere.</strong></span> <span class='ocrx_word' id='word_1_17' title='bbox 751 1292 1049 1374; x_wconf 83' lang='lat' dir='ltr'>„Amicos</span> <span class='ocrx_word' id='word_1_18' title='bbox 1101 1293 1237 1376; x_wconf 87' lang='lat' dir='ltr'>ejus</span> <span class='ocrx_word' id='word_1_19' title='bbox 1288 1312 1503 1356; x_wconf 89' lang='lat' dir='ltr'>omnes</span> <span class='ocrx_word' id='word_1_20' title='bbox 1554 1293 1858 1377; x_wconf 87' lang='lat' dir='ltr'>sollicit0,</span> <span class='ocrx_word' id='word_1_21' title='bbox 1936 1294 2039 1381; x_wconf 91' lang='lat' dir='ltr'>qui</span> <span class='ocrx_word' id='word_1_22' title='bbox 2088 1293 2426 1357; x_wconf 81' lang='lat' dir='ltr'><strong>carminum</strong></span> 
     </span>
     <span class='ocr_line' id='line_1_7' title="bbox 374 1411 2430 1499; baseline -0 -23"><span class='ocrx_word' id='word_1_23' title='bbox 374 1413 856 1499; x_wconf 83' lang='lat' dir='ltr'>pangendorum</span> <span class='ocrx_word' id='word_1_24' title='bbox 924 1411 1218 1476; x_wconf 79' lang='lat' dir='ltr'>facultate</span> <span class='ocrx_word' id='word_1_25' title='bbox 1286 1414 1709 1498; x_wconf 84' lang='lat' dir='ltr'>praecellunt,</span> <span class='ocrx_word' id='word_1_26' title='bbox 1783 1421 1847 1476; x_wconf 86' lang='lat' dir='ltr'>ut</span> <span class='ocrx_word' id='word_1_27' title='bbox 1914 1412 2430 1498; x_wconf 79' lang='lat' dir='ltr'>praestantissimi</span> 
     </span>
     <span class='ocr_line' id='line_1_8' title="bbox 387 1531 2426 1601; baseline -0 -6"><span class='ocrx_word' id='word_1_28' title='bbox 387 1545 637 1601; x_wconf 86' lang='lat' dir='ltr'>nostrae</span> <span class='ocrx_word' id='word_1_29' title='bbox 711 1532 1052 1599; x_wconf 88' lang='lat' dir='ltr'>memoriae</span> <span class='ocrx_word' id='word_1_30' title='bbox 1123 1531 1299 1597; x_wconf 86' lang='lat' dir='ltr'>Vatis</span> <span class='ocrx_word' id='word_1_31' title='bbox 1372 1553 1588 1595; x_wconf 90' lang='lat' dir='ltr'>manes</span> <span class='ocrx_word' id='word_1_32' title='bbox 1668 1532 1983 1597; x_wconf 83' lang='lat' dir='ltr'>decorent·</span> <span class='ocrx_word' id='word_1_33' title='bbox 2032 1532 2426 1596; x_wconf 81' lang='lat' dir='ltr'>carminibus.</span> 
     </span>
     <span class='ocr_line' id='line_1_9' title="bbox 387 1651 2430 1738; baseline 0 -23"><span class='ocrx_word' id='word_1_34' title='bbox 387 1651 550 1737; x_wconf 86' lang='lat' dir='ltr'>Spes</span> <span class='ocrx_word' id='word_1_35' title='bbox 619 1660 712 1716; x_wconf 91' lang='lat' dir='ltr'>est</span> <span class='ocrx_word' id='word_1_36' title='bbox 777 1652 1161 1738; x_wconf 79' lang='lat' dir='ltr'>Episcopum</span> <span class='ocrx_word' id='word_1_37' title='bbox 1230 1651 1780 1717; x_wconf 86' lang='lat' dir='ltr'>Monasteriensem</span> <span class='ocrx_word' id='word_1_38' title='bbox 1814 1655 1903 1736; x_wconf 77' lang='lat'>⁶²),</span> <span class='ocrx_word' id='word_1_39' title='bbox 1969 1651 2209 1716; x_wconf 89' lang='lat' dir='ltr'>Ducem</span> <span class='ocrx_word' id='word_1_40' title='bbox 2256 1651 2430 1715; x_wconf 85' lang='lat' dir='ltr'>Mon-</span> 
     </span>
     <span class='ocr_line' id='line_1_10' title="bbox 387 1755 2431 1858; baseline 0 -24"><span class='ocrx_word' id='word_1_41' title='bbox 387 1757 727 1837; x_wconf 81' lang='lat' dir='ltr'>tauserium</span> <span class='ocrx_word' id='word_1_42' title='bbox 765 1774 842 1858; x_wconf 75' lang='lat'>³),</span> <span class='ocrx_word' id='word_1_43' title='bbox 913 1773 1192 1858; x_wconf 88' lang='lat' dir='ltr'>aliosque</span> <span class='ocrx_word' id='word_1_44' title='bbox 1253 1792 1519 1857; x_wconf 85' lang='lat' dir='ltr'>genere,</span> <span class='ocrx_word' id='word_1_45' title='bbox 1587 1771 1836 1856; x_wconf 89' lang='lat' dir='ltr'>ingenio</span> <span class='ocrx_word' id='word_1_46' title='bbox 1888 1778 1948 1835; x_wconf 87' lang='lat' dir='ltr'>et</span> <span class='ocrx_word' id='word_1_47' title='bbox 1996 1755 2235 1835; x_wconf 70' lang='lat' dir='ltr'>virtute¹</span> <span class='ocrx_word' id='word_1_48' title='bbox 2266 1772 2431 1836; x_wconf 88' lang='lat' dir='ltr'>viros</span> 
     </span>
     <span class='ocr_line' id='line_1_11' title="bbox 391 1890 2427 1978; baseline 0 -23"><span class='ocrx_word' id='word_1_49' title='bbox 391 1892 807 1977; x_wconf 82' lang='lat' dir='ltr'>excellentes,</span> <span class='ocrx_word' id='word_1_50' title='bbox 863 1891 1182 1978; x_wconf 83' lang='lat' dir='ltr'>symbolas</span> <span class='ocrx_word' id='word_1_51' title='bbox 1224 1891 1575 1955; x_wconf 87' lang='lat' dir='ltr'>collaturos.</span> <span class='ocrx_word' id='word_1_52' title='bbox 1678 1890 1776 1955; x_wconf 89' lang='lat' dir='ltr'>De</span> <span class='ocrx_word' id='word_1_53' title='bbox 1827 1897 1887 1955; x_wconf 90' lang='lat' dir='ltr'>te</span> <span class='ocrx_word' id='word_1_54' title='bbox 1936 1890 2140 1958; x_wconf 88' lang='lat' dir='ltr'>nullus</span> <span class='ocrx_word' id='word_1_55' title='bbox 2191 1891 2427 1976; x_wconf 92' lang='lat' dir='ltr'>dubito,</span> 
     </span>
     <span class='ocr_line' id='line_1_12' title="bbox 380 2011 2431 2100; baseline 0.001 -25"><span class='ocrx_word' id='word_1_56' title='bbox 380 2012 526 2098; x_wconf 90' lang='lat' dir='ltr'>quin</span> <span class='ocrx_word' id='word_1_57' title='bbox 578 2013 680 2100; x_wconf 91' lang='lat' dir='ltr'>qui</span> <span class='ocrx_word' id='word_1_58' title='bbox 731 2013 938 2076; x_wconf 88' lang='lat' dir='ltr'>vivum</span> <span class='ocrx_word' id='word_1_59' title='bbox 989 2012 1257 2097; x_wconf 82' lang='lat' dir='ltr'>coluisti,</span> <span class='ocrx_word' id='word_1_60' title='bbox 1311 2014 1538 2076; x_wconf 90' lang='lat' dir='ltr'>mortui</span> <span class='ocrx_word' id='word_1_61' title='bbox 1585 2011 1977 2090; x_wconf 40' lang='lat' dir='ltr'>memoriam,</span> <span class='ocrx_word' id='word_1_62' title='bbox 2007 2012 2089 2075; x_wconf 89' lang='lat' dir='ltr'>sis</span> <span class='ocrx_word' id='word_1_63' title='bbox 2142 2013 2431 2098; x_wconf 88' lang='lat' dir='ltr'>pulcher-</span> 
     </span>
     <span class='ocr_line' id='line_1_13' title="bbox 377 2131 2431 2218; baseline -0.001 -21"><span class='ocrx_word' id='word_1_64' title='bbox 377 2134 536 2197; x_wconf 88' lang='lat' dir='ltr'>rimo</span> <span class='ocrx_word' id='word_1_65' title='bbox 619 2134 924 2216; x_wconf 84' lang='lat' dir='ltr'>carmine,</span> <span class='ocrx_word' id='word_1_66' title='bbox 1021 2132 1186 2218; x_wconf 88' lang='lat' dir='ltr'>quod</span> <span class='ocrx_word' id='word_1_67' title='bbox 1257 2132 1414 2197; x_wconf 89' lang='lat' dir='ltr'>inter</span> <span class='ocrx_word' id='word_1_68' title='bbox 1483 2132 1843 2196; x_wconf 89' lang='lat' dir='ltr'>Italicorum</span> <span class='ocrx_word' id='word_1_69' title='bbox 1916 2139 1976 2203; x_wconf 83' lang='lat' dir='ltr'>et</span> <span class='ocrx_word' id='word_1_70' title='bbox 2049 2131 2431 2197; x_wconf 83' lang='lat' dir='ltr'>Gallicorum</span> 
     </span>
     <span class='ocr_line' id='line_1_14' title="bbox 379 2250 2433 2340; baseline -0.002 -23"><span class='ocrx_word' id='word_1_71' title='bbox 379 2258 712 2339; x_wconf 87' lang='lat' dir='ltr'>poetarum</span> <span class='ocrx_word' id='word_1_72' title='bbox 785 2252 1064 2340; x_wconf 88' lang='lat' dir='ltr'>epicedia</span> <span class='ocrx_word' id='word_1_73' title='bbox 1134 2253 1437 2337; x_wconf 85' lang='lat' dir='ltr'>emineat,</span> <span class='ocrx_word' id='word_1_74' title='bbox 1515 2260 1579 2315; x_wconf 86' lang='lat' dir='ltr'>ut</span> <span class='ocrx_word' id='word_1_75' title='bbox 1628 2252 1951 2338; x_wconf 90' lang='lat' dir='ltr'>Hesperus</span> <span class='ocrx_word' id='word_1_76' title='bbox 2000 2252 2158 2316; x_wconf 88' lang='lat' dir='ltr'>inter</span> <span class='ocrx_word' id='word_1_77' title='bbox 2206 2250 2433 2336; x_wconf 88' lang='lat' dir='ltr'>sydera</span> 
     </span>
     <span class='ocr_line' id='line_1_15' title="bbox 378 2350 2430 2460; baseline -0.001 -23"><span class='ocrx_word' id='word_1_78' title='bbox 378 2373 651 2458; x_wconf 87' lang='lat' dir='ltr'>minora,</span> <span class='ocrx_word' id='word_1_79' title='bbox 706 2350 1146 2460; x_wconf 80' lang='lat' dir='ltr'>celebraturus,</span> <span class='ocrx_word' id='word_1_80' title='bbox 1231 2371 1372 2435; x_wconf 89' lang='lat' dir='ltr'>Non</span> <span class='ocrx_word' id='word_1_81' title='bbox 1421 2372 1752 2435; x_wconf 86' lang='lat' dir='ltr'>Heinsium</span> <span class='ocrx_word' id='word_1_82' title='bbox 1803 2392 2059 2456; x_wconf 91' lang='lat' dir='ltr'>nomen,</span> <span class='ocrx_word' id='word_1_83' title='bbox 2114 2372 2279 2457; x_wconf 88' lang='lat' dir='ltr'>quod</span> <span class='ocrx_word' id='word_1_84' title='bbox 2297 2372 2430 2456; x_wconf 89' lang='lat' dir='ltr'>jam</span> 
     </span>
     <span class='ocr_line' id='line_1_16' title="bbox 379 2491 2098 2577; baseline 0.001 -21"><span class='ocrx_word' id='word_1_85' title='bbox 379 2492 618 2557; x_wconf 88' lang='lat' dir='ltr'>dudum</span> <span class='ocrx_word' id='word_1_86' title='bbox 669 2492 803 2577; x_wconf 91' lang='lat' dir='ltr'>ipse</span> <span class='ocrx_word' id='word_1_87' title='bbox 852 2494 1266 2577; x_wconf 84' lang='lat' dir='ltr'>consecravit,</span> <span class='ocrx_word' id='word_1_88' title='bbox 1321 2492 1430 2557; x_wconf 87' lang='lat' dir='ltr'>sed</span> <span class='ocrx_word' id='word_1_89' title='bbox 1482 2504 1653 2556; x_wconf 88' lang='lat' dir='ltr'>tuum</span> <span class='ocrx_word' id='word_1_90' title='bbox 1702 2491 2098 2557; x_wconf 89' lang='lat' dir='ltr'>illustrabis.’&#39;</span> 
     </span>
    </p>
   </div>
   <div class='ocr_carea' id='block_1_5' title="bbox 482 2588 2257 2696">
    <p class='ocr_par' dir='ltr' id='par_1_5' title="bbox 482 2588 2257 2696">
     <span class='ocr_line' id='line_1_17' title="bbox 482 2588 2257 2696; baseline 0.001 -21"><span class='ocrx_word' id='word_1_91' title='bbox 482 2611 777 2696; x_wconf 80' lang='lat' dir='ltr'>Trajeoti.</span> <span class='ocrx_word' id='word_1_92' title='bbox 846 2612 902 2676; x_wconf 88' lang='lat' dir='ltr'>d.</span> <span class='ocrx_word' id='word_1_93' title='bbox 968 2588 1132 2675; x_wconf 81' lang='lat' dir='ltr'>x1x</span> <span class='ocrx_word' id='word_1_94' title='bbox 1181 2611 1403 2677; x_wconf 77' lang='lat' dir='ltr'>00t0b.</span> <span class='ocrx_word' id='word_1_95' title='bbox 1459 2612 1689 2678; x_wconf 74' lang='lat' dir='ltr'>Junan.</span> <span class='ocrx_word' id='word_1_96' title='bbox 1745 2608 2257 2677; x_wconf 70' lang='lat' dir='ltr'>molooxxcr.</span> 
     </span>
    </p>
   </div>
   <div class='ocr_carea' id='block_1_6' title="bbox 1205 2802 1434 2819">
    <p class='ocr_par' dir='ltr' id='par_1_6' title="bbox 1205 2802 1434 2819">
     <span class='ocr_line' id='line_1_18' title="bbox 1205 2802 1434 2819; baseline 0 0"><span class='ocrx_word' id='word_1_97' title='bbox 1205 2802 1406 2819; x_wconf 52' lang='lat' dir='ltr'>&amp;rma-N</span> <span class='ocrx_word' id='word_1_98' title='bbox 1413 2807 1434 2819; x_wconf 58' lang='lat' dir='ltr'>x-</span> 
     </span>
    </p>
   </div>
   <div class='ocr_carea' id='block_1_7' title="bbox 1433 2804 1613 2819">
    <p class='ocr_par' dir='ltr' id='par_1_7' title="bbox 1433 2804 1613 2819">
     <span class='ocr_line' id='line_1_19' title="bbox 1433 2804 1613 2819; baseline 0 2390"><span class='ocrx_word' id='word_1_99' title='bbox 1433 2804 1613 2819; x_wconf 95' lang='lat' dir='ltr'> </span> 
     </span>
    </p>
   </div>
   <div class='ocr_carea' id='block_1_8' title="bbox 1358 2969 1464 3031">
    <p class='ocr_par' dir='ltr' id='par_1_8' title="bbox 1358 2969 1464 3031">
     <span class='ocr_line' id='line_1_20' title="bbox 1358 2969 1464 3031; baseline 0 0"><span class='ocrx_word' id='word_1_100' title='bbox 1358 2969 1464 3031; x_wconf 84' lang='lat'>28.</span> 
     </span>
    </p>
   </div>
   <div class='ocr_carea' id='block_1_9' title="bbox 988 3086 1826 3302">
    <p class='ocr_par' dir='ltr' id='par_1_9' title="bbox 988 3086 1826 3302">
     <span class='ocr_line' id='line_1_21' title="bbox 1021 3086 1791 3207; baseline -0.001 -19"><span class='ocrx_word' id='word_1_101' title='bbox 1021 3086 1210 3188; x_wconf 75' lang='lat' dir='ltr'>loanni</span> <span class='ocrx_word' id='word_1_102' title='bbox 1257 3122 1505 3207; x_wconf 73' lang='lat' dir='ltr'>Geor-qia</span> <span class='ocrx_word' id='word_1_103' title='bbox 1550 3122 1791 3189; x_wconf 74' lang='lat' dir='ltr'>Graevio</span> 
     </span>
     <span class='ocr_line' id='line_1_22' title="bbox 988 3235 1826 3302; baseline 0.002 -3"><span class='ocrx_word' id='word_1_104' title='bbox 988 3236 1229 3300; x_wconf 81' lang='lat' dir='ltr'>loannes</span> <span class='ocrx_word' id='word_1_105' title='bbox 1271 3253 1379 3299; x_wconf 87' lang='lat' dir='ltr'>van</span> <span class='ocrx_word' id='word_1_106' title='bbox 1425 3235 1826 3302; x_wconf 78' lang='lat' dir='ltr'>Broekhuizen.</span> 
     </span>
    </p>
   </div>
   <div class='ocr_carea' id='block_1_10' title="bbox 278 3418 2433 3987">
    <p class='ocr_par' dir='ltr' id='par_1_10' title="bbox 278 3418 2433 3987">
     <span class='ocr_line' id='line_1_23' title="bbox 475 3418 2427 3489; baseline 0.003 -6"><span class='ocrx_word' id='word_1_107' title='bbox 475 3418 580 3483; x_wconf 84' lang='lat' dir='ltr'>Ex</span> <span class='ocrx_word' id='word_1_108' title='bbox 628 3422 846 3485; x_wconf 79' lang='lat' dir='ltr'>litteris</span> <span class='ocrx_word' id='word_1_109' title='bbox 894 3420 1141 3485; x_wconf 81' lang='lat' dir='ltr'>Francii</span> <span class='ocrx_word' id='word_1_110' title='bbox 1193 3422 1416 3486; x_wconf 83' lang='lat' dir='ltr'>certior</span> <span class='ocrx_word' id='word_1_111' title='bbox 1463 3422 1663 3487; x_wconf 86' lang='lat' dir='ltr'>factus</span> <span class='ocrx_word' id='word_1_112' title='bbox 1714 3430 1806 3487; x_wconf 83' lang='lat' dir='ltr'>est</span> <span class='ocrx_word' id='word_1_113' title='bbox 1857 3424 1932 3489; x_wconf 91' lang='lat' dir='ltr'>de</span> <span class='ocrx_word' id='word_1_114' title='bbox 1966 3423 2139 3487; x_wconf 90' lang='lat' dir='ltr'>obitu</span> <span class='ocrx_word' id='word_1_115' title='bbox 2165 3421 2427 3489; x_wconf 90' lang='lat' dir='ltr'>Heinsii.</span> 
     </span>
     <span class='ocr_line' id='line_1_24' title="bbox 278 3531 2432 3625; baseline 0.002 -22"><span class='ocrx_word' id='word_1_116' title='bbox 278 3531 292 3550; x_wconf 79' lang='lat'><em>&#39;</em></span> <span class='ocrx_word' id='word_1_117' title='bbox 375 3540 766 3604; x_wconf 84' lang='lat' dir='ltr'>Hortabatur</span> <span class='ocrx_word' id='word_1_118' title='bbox 814 3541 918 3605; x_wconf 88' lang='lat' dir='ltr'>Fr.</span> <span class='ocrx_word' id='word_1_119' title='bbox 975 3550 1038 3604; x_wconf 84' lang='lat' dir='ltr'>ut</span> <span class='ocrx_word' id='word_1_120' title='bbox 1086 3561 1333 3605; x_wconf 87' lang='lat' dir='ltr'>carmen</span> <span class='ocrx_word' id='word_1_121' title='bbox 1382 3541 1695 3607; x_wconf 86' lang='lat' dir='ltr'>scriberet.</span> <span class='ocrx_word' id='word_1_122' title='bbox 1751 3582 1838 3591; x_wconf 86' lang='lat'>-</span> <span class='ocrx_word' id='word_1_123' title='bbox 1881 3542 2299 3625; x_wconf 84' lang='lat' dir='ltr'>„Stimulabat</span> <span class='ocrx_word' id='word_1_124' title='bbox 2330 3565 2432 3609; x_wconf 90' lang='lat' dir='ltr'>me</span> 
     </span>
     <span class='ocr_line' id='line_1_25' title="bbox 380 3659 2433 3751; baseline 0.002 -29"><span class='ocrx_word' id='word_1_125' title='bbox 380 3659 637 3747; x_wconf 90' lang='lat' dir='ltr'>quidem</span> <span class='ocrx_word' id='word_1_126' title='bbox 703 3660 1078 3725; x_wconf 88' lang='lat' dir='ltr'>desiderium</span> <span class='ocrx_word' id='word_1_127' title='bbox 1147 3660 1454 3747; x_wconf 85' lang='lat' dir='ltr'>defuncti,</span> <span class='ocrx_word' id='word_1_128' title='bbox 1536 3664 1599 3747; x_wconf 86' lang='lat' dir='ltr'>(a</span> <span class='ocrx_word' id='word_1_129' title='bbox 1666 3684 1787 3751; x_wconf 90' lang='lat' dir='ltr'>quo</span> <span class='ocrx_word' id='word_1_130' title='bbox 1852 3684 1953 3729; x_wconf 87' lang='lat' dir='ltr'>me</span> <span class='ocrx_word' id='word_1_131' title='bbox 2002 3686 2190 3751; x_wconf 87' lang='lat' dir='ltr'>supra</span> <span class='ocrx_word' id='word_1_132' title='bbox 2238 3664 2433 3727; x_wconf 92' lang='lat' dir='ltr'>ullum</span> 
     </span>
     <span class='ocr_line' id='line_1_26' title="bbox 378 3774 2430 3869; baseline 0.001 -25"><span class='ocrx_word' id='word_1_133' title='bbox 378 3780 672 3844; x_wconf 87' lang='lat' dir='ltr'>meritum</span> <span class='ocrx_word' id='word_1_134' title='bbox 731 3787 1004 3845; x_wconf 85' lang='lat' dir='ltr'>amalum</span> <span class='ocrx_word' id='word_1_135' title='bbox 1053 3780 1242 3845; x_wconf 90' lang='lat' dir='ltr'>fuisse</span> <span class='ocrx_word' id='word_1_136' title='bbox 1292 3789 1352 3845; x_wconf 83' lang='lat' dir='ltr'>et</span> <span class='ocrx_word' id='word_1_137' title='bbox 1386 3774 1670 3866; x_wconf 80' lang='lat' dir='ltr'>glorior,</span> <span class='ocrx_word' id='word_1_138' title='bbox 1744 3790 1806 3847; x_wconf 83' lang='lat' dir='ltr'>et</span> <span class='ocrx_word' id='word_1_139' title='bbox 1853 3782 2145 3848; x_wconf 86' lang='lat' dir='ltr'>recordor</span> <span class='ocrx_word' id='word_1_140' title='bbox 2192 3786 2430 3869; x_wconf 88' lang='lat' dir='ltr'>gratus)</span> 
     </span>
     <span class='ocr_line' id='line_1_27' title="bbox 379 3900 2426 3987; baseline 0.002 -24"><span class='ocrx_word' id='word_1_141' title='bbox 379 3900 497 3963; x_wconf 89' lang='lat' dir='ltr'>sed</span> <span class='ocrx_word' id='word_1_142' title='bbox 546 3900 783 3965; x_wconf 77' lang='lat' dir='ltr'>obstitit</span> <span class='ocrx_word' id='word_1_143' title='bbox 831 3922 946 3986; x_wconf 90' lang='lat' dir='ltr'>per</span> <span class='ocrx_word' id='word_1_144' title='bbox 994 3902 1308 3987; x_wconf 89' lang='lat' dir='ltr'>plusculos</span> <span class='ocrx_word' id='word_1_145' title='bbox 1353 3901 1486 3965; x_wconf 89' lang='lat' dir='ltr'>dies</span> <span class='ocrx_word' id='word_1_146' title='bbox 1522 3902 1810 3966; x_wconf 85' lang='lat' dir='ltr'>valetudo</span> <span class='ocrx_word' id='word_1_147' title='bbox 1848 3904 2045 3966; x_wconf 85' lang='lat' dir='ltr'>minus</span> <span class='ocrx_word' id='word_1_148' title='bbox 2081 3903 2426 3968; x_wconf 89' lang='lat' dir='ltr'>commoda.</span> 
     </span>
    </p>
   </div>
   <div class='ocr_carea' id='block_1_11' title="bbox 389 4050 797 4057">
    <p class='ocr_par' dir='ltr' id='par_1_11' title="bbox 389 4050 797 4057">
     <span class='ocr_line' id='line_1_28' title="bbox 389 4050 797 4057; baseline 0 0"><span class='ocrx_word' id='word_1_149' title='bbox 389 4050 797 4057; x_wconf 95' lang='lat' dir='ltr'> </span> 
     </span>
    </p>
   </div>
   <div class='ocr_carea' id='block_1_12' title="bbox 379 4110 2429 4625">
    <p class='ocr_par' dir='ltr' id='par_1_12' title="bbox 483 4110 1558 4194">
     <span class='ocr_line' id='line_1_29' title="bbox 483 4110 1558 4194; baseline 0.005 -24"><span class='ocrx_word' id='word_1_150' title='bbox 483 4110 524 4186; x_wconf 84' lang='lat'>¹)</span> <span class='ocrx_word' id='word_1_151' title='bbox 612 4114 685 4171; x_wconf 90' lang='lat' dir='ltr'>In</span> <span class='ocrx_word' id='word_1_152' title='bbox 728 4114 1110 4173; x_wconf 83' lang='lat' dir='ltr'>Bibliotheca</span> <span class='ocrx_word' id='word_1_153' title='bbox 1152 4116 1558 4194; x_wconf 86' lang='lat' dir='ltr'>Lugdunensi.</span> 
     </span>
    </p>

    <p class='ocr_par' dir='ltr' id='par_1_13' title="bbox 471 4199 1887 4281">
     <span class='ocr_line' id='line_1_30' title="bbox 471 4199 1887 4281; baseline 0.003 -26"><span class='ocrx_word' id='word_1_154' title='bbox 471 4200 517 4270; x_wconf 75' lang='lat'>²)</span> <span class='ocrx_word' id='word_1_155' title='bbox 603 4199 836 4276; x_wconf 85' lang='lat' dir='ltr'>Nempe</span> <span class='ocrx_word' id='word_1_156' title='bbox 880 4200 1296 4260; x_wconf 89' lang='lat' dir='ltr'>Ferdinandus</span> <span class='ocrx_word' id='word_1_157' title='bbox 1342 4222 1376 4260; x_wconf 87' lang='lat' dir='ltr'>a</span> <span class='ocrx_word' id='word_1_158' title='bbox 1421 4204 1887 4281; x_wconf 86' lang='lat' dir='ltr'>Fuerstenberg.</span> 
     </span>
    </p>

    <p class='ocr_par' dir='ltr' id='par_1_14' title="bbox 379 4279 2429 4625">
     <span class='ocr_line' id='line_1_31' title="bbox 475 4279 2422 4365; baseline 0.004 -24"><span class='ocrx_word' id='word_1_159' title='bbox 475 4279 524 4357; x_wconf 81' lang='grc'>3)</span> <span class='ocrx_word' id='word_1_160' title='bbox 616 4284 864 4343; x_wconf 84' lang='lat' dir='ltr'>Charles</span> <span class='ocrx_word' id='word_1_161' title='bbox 895 4286 968 4343; x_wconf 89' lang='lat' dir='ltr'>de</span> <span class='ocrx_word' id='word_1_162' title='bbox 1001 4288 1205 4345; x_wconf 80' lang='lat' dir='ltr'>Sainte</span> <span class='ocrx_word' id='word_1_163' title='bbox 1237 4289 1476 4364; x_wconf 82' lang='lat' dir='ltr'>Maure,</span> <span class='ocrx_word' id='word_1_164' title='bbox 1514 4290 1629 4347; x_wconf 93' lang='lat' dir='ltr'>duc</span> <span class='ocrx_word' id='word_1_165' title='bbox 1653 4289 1726 4346; x_wconf 95' lang='lat' dir='ltr'>de</span> <span class='ocrx_word' id='word_1_166' title='bbox 1752 4290 2124 4350; x_wconf 83' lang='lat' dir='ltr'>Montausier</span> <span class='ocrx_word' id='word_1_167' title='bbox 2150 4293 2422 4365; x_wconf 84' lang='lat'>(1610-</span> 
     </span>
     <span class='ocr_line' id='line_1_32' title="bbox 385 4370 2429 4453; baseline 0.004 -27"><span class='ocrx_word' id='word_1_168' title='bbox 385 4370 606 4445; x_wconf 87' lang='lat'>1690),</span> <span class='ocrx_word' id='word_1_169' title='bbox 653 4371 742 4427; x_wconf 88' lang='lat' dir='ltr'>vir</span> <span class='ocrx_word' id='word_1_170' title='bbox 769 4394 772 4397; x_wconf 89' lang='lat'><strong>·</strong></span> <span class='ocrx_word' id='word_1_171' title='bbox 795 4372 1259 4447; x_wconf 77' lang='lat' dir='ltr'>eruditissimUS,</span> <span class='ocrx_word' id='word_1_172' title='bbox 1307 4374 1369 4431; x_wconf 90' lang='lat' dir='ltr'>in</span> <span class='ocrx_word' id='word_1_173' title='bbox 1402 4392 1623 4453; x_wconf 85' lang='lat' dir='ltr'>magna</span> <span class='ocrx_word' id='word_1_174' title='bbox 1654 4380 1783 4433; x_wconf 89' lang='lat' dir='ltr'>erat</span> <span class='ocrx_word' id='word_1_175' title='bbox 1813 4375 2010 4451; x_wconf 86' lang='lat' dir='ltr'>gratia</span> <span class='ocrx_word' id='word_1_176' title='bbox 2040 4376 2199 4453; x_wconf 89' lang='lat' dir='ltr'>apud</span> <span class='ocrx_word' id='word_1_177' title='bbox 2222 4395 2429 4453; x_wconf 86' lang='lat' dir='ltr'>regem</span> 
     </span>
     <span class='ocr_line' id='line_1_33' title="bbox 381 4454 2427 4538; baseline 0.003 -25"><span class='ocrx_word' id='word_1_178' title='bbox 381 4454 976 4515; x_wconf 70' lang='lat' dir='ltr'>christianissimum.</span> <span class='ocrx_word' id='word_1_179' title='bbox 1005 4458 1151 4517; x_wconf 85' lang='lat' dir='ltr'>Cum</span> <span class='ocrx_word' id='word_1_180' title='bbox 1169 4460 1226 4517; x_wconf 90' lang='lat' dir='ltr'>ei</span> <span class='ocrx_word' id='word_1_181' title='bbox 1241 4478 1388 4517; x_wconf 89' lang='lat' dir='ltr'>cura</span> <span class='ocrx_word' id='word_1_182' title='bbox 1402 4461 1628 4520; x_wconf 87' lang='lat' dir='ltr'>tradita</span> <span class='ocrx_word' id='word_1_183' title='bbox 1644 4467 1799 4519; x_wconf 79' lang='lat' dir='ltr'>esset</span> <span class='ocrx_word' id='word_1_184' title='bbox 1814 4460 2075 4538; x_wconf 91' lang='lat' dir='ltr'>Dephini</span> <span class='ocrx_word' id='word_1_185' title='bbox 2097 4462 2427 4536; x_wconf 86' lang='lat' dir='ltr'>erudiendi,</span> 
     </span>
     <span class='ocr_line' id='line_1_34' title="bbox 379 4540 2425 4625; baseline 0.003 -26"><span class='ocrx_word' id='word_1_186' title='bbox 379 4540 586 4601; x_wconf 85' lang='lat' dir='ltr'>effecit</span> <span class='ocrx_word' id='word_1_187' title='bbox 639 4546 706 4602; x_wconf 88' lang='lat' dir='ltr'>ut</span> <span class='ocrx_word' id='word_1_188' title='bbox 751 4547 1062 4603; x_wconf 85' lang='lat' dir='ltr'>auctorum</span> <span class='ocrx_word' id='word_1_189' title='bbox 1108 4545 1402 4605; x_wconf 84' lang='lat' dir='ltr'>editiones</span> <span class='ocrx_word' id='word_1_190' title='bbox 1445 4546 1508 4603; x_wconf 91' lang='lat' dir='ltr'>in</span> <span class='ocrx_word' id='word_1_191' title='bbox 1542 4565 1725 4605; x_wconf 90' lang='lat' dir='ltr'>-usum</span> <span class='ocrx_word' id='word_1_192' title='bbox 1768 4546 2056 4625; x_wconf 89' lang='lat' dir='ltr'>Delphini</span> <span class='ocrx_word' id='word_1_193' title='bbox 2098 4547 2425 4625; x_wconf 78' lang='lat' dir='ltr'>prodirent.</span> 
     </span>
    </p>
   </div>
  </div>
 </body>
</html>
