2975 5209
1389 496 1423 559 7

385 693 504 758 sibi
579 691 970 757 conciliatum
1047 690 1240 754 voluit
1311 692 1372 773 ¹).
1486 688 1668 753 Anno
1750 690 1925 753 1676
2000 688 2433 752 Broukhusius

385 814 639 899 saepius
718 811 1047 876 Heinsium
1128 808 1406 873 Vianae-
1445 808 1719 873 visitavit
1747 809 1818 893 ²).
1942 806 2088 872 Jam
2160 815 2303 872 ante
2372 806 2434 870 in

388 932 643 998 Graevii
679 934 766 1017 ³),
801 930 1173 1018 professoris
1209 928 1571 1013 Traiectini‚
1610 927 2115 993 consuetudinem
2148 941 2433 1013 receptus

388 1074 530 1119 esse
596 1051 841 1118 videtur
889 1048 1340 1114 Broukhusius.
1440 1048 1595 1112 Inde
1645 1048 1727 1111 ab
1778 1068 1852 1112 eo
1902 1053 2183 1133 tempore
2230 1047 2436 1112 iuveni

388 1193 529 1237 cum
580 1171 724 1235 viris
771 1170 892 1234 illis
938 1169 1280 1233 illustribus
1330 1168 1769 1233 commercium
1816 1168 2155 1232 litterarum
2204 1166 2337 1232 fuit.

481 1290 666 1355 Anno
747 1292 922 1355 1674
996 1294 1185 1375 poeta
1255 1287 1527 1351 interfuit
1597 1286 1826 1351 infelici
1886 1286 1979 1351 illi
2051 1286 2433 1373 expeditioni

388 1410 595 1475 navali
687 1409 1145 1473 archithalassi·
1189 1407 1410 1471 Ruteri
1482 1406 1562 1469 ad
1600 1407 1867 1471 insulas
1939 1404 2303 1470 Matatinam
2376 1415 2439 1471 et

401 1528 815 1592 Dominicam.
892 1526 1048 1591 Erat
1095 1527 1154 1590 in
1202 1528 1349 1589 navi
1399 1527 1705 1611 vectoria‚
1760 1526 1855 1590 cui
1904 1546 2125 1590 nomen
2160 1524 2432 1613 Iupiter,

389 1654 454 1711 et
534 1647 934 1711 vehementer
1005 1667 1236 1710 nausea
1296 1653 1559 1711 tentatus
1616 1652 1819 1710 tamen
1868 1646 1928 1709 in
1977 1645 2193 1711 itinere
2240 1646 2437 1711 multa

391 1768 740 1853 composuit
792 1766 1066 1841 carmina
1097 1768 1167 1849 ⁴).
1243 1765 1444 1829 ·Initio
1481 1765 1623 1829 anni
1656 1766 1967 1851 sequentis
2000 1765 2437 1830 Broukhusius‘

490 2038 531 2113 ι)
635 2039 706 2096 D.
791 2039 915 2097 XX
997 2038 1210 2097 Sextii.
1295 2057 1348 2096 a.
1439 2040 1600 2097 1673
1683 2036 1971 2095 Heinsius
2052 2036 2289 2115 scripsit
2362 2037 2437 2095 ad

388 2125 712 2184 Francium
767 2159 852 2169 —-
912 2124 1260 2202 epistolam,
1329 2124 1392 2181 ni
1457 2124 1673 2198 fallor,
1730 2121 2020 2182 ineditam
2062 2123 2333 2200 reperias
2375 2123 2437 2180 in

388 2211 773 2269 Bibliotheca
814 2210 1206 2288 Lugdunensi
1249 2244 1335 2253 --
1380 2230 1394 2267 ε
1445 2209 1577 2283 ,,Α(1
1623 2208 1994 2286 epigramma
2035 2208 2182 2266 mihi
2225 2226 2332 2286 per
2376 2213 2437 2267 te

387 2298 665 2371 missum,
742 2297 890 2355 libet
936 2297 1282 2354 exclamare
1327 2295 1479 2353 illud
1528 2294 1873 2371 antiquum,
1920 2302 2150 2371 quanta
2192 2294 2441 2371 ingenia

388 2382 450 2439 in
524 2382 756 2441 occulto
827 2382 1051 2441 latent!
1139 2382 1288 2459 Ejus
1333 2399 1447 2458 ego
1494 2387 1555 2440 te
1600 2386 1906 2447 auctorem
1960 2378 2218 2455 credidi,
2265 2378 2437 2456 quia,

391 2468 496 2545 qui
563 2468 677 2526 hoc
743 2472 979 2545 posset,
1047 2472 1107 2525 te
1176 2472 1418 2544 praeter
1462 2485 1649 2525 unum
1694 2464 1853 2543 apud
1897 2463 2441 2524 Amstelaedamios

391 2558 603 2612 notum
648 2553 950 2611 habebam
995 2553 1313 2611 neminem.
1403 2552 1580 2610 Nune
1627 2571 1759 2610 cum
1806 2557 1913 2611 tua
1950 2569 2256 2610 asseveres
2285 2550 2435 2625 fide,

394 2639 643 2698 alterius
690 2657 821 2697 esse
868 2657 1059 2697 venae
1104 2639 1264 2697 hunc
1307 2638 1536 2711 lusum,
1583 2637 1855 2715 gratulor
1885 2637 1997 2696 tibi
2028 2637 2281 2695 amicum
2314 2643 2439 2696 tam

392 2724 556 2782 felici
599 2725 843 2802 ingenio
888 2724 1260 2802 praeditum,
1308 2729 1369 2782 et
1412 2723 1573 2781 mihi.
1606 2723 1990 2781 conciliatum
2033 2722 2226 2781 volo.‘’

485 2838 529 2909 2)
629 2836 916 2894 Heinsius
997 2835 1289 2909 Graevio,
1379 2834 1434 2892 d.
1517 2834 1637 2893 XV
1714 2834 1920 2893 Martii
1997 2835 2155 2892 1676
2243 2831 2437 2909 (videz

402 2922 751 2979 Burmanni
799 2921 1086 2999 Sylloqen
1134 2922 1565 2997 Epistolarum
1598 2940 1635 2977 a·
1668 2922 1825 2977 viris
1855 2918 2211 2979 illustribus
2242 2922 2438 2995 serip-

400 3014 637 3081 tarum,
705 3007 826 3081 IV,
894 3026 1035 3085 pag.
1084 3009 1264 3080 411):
1339 3006 1548 3080 „Diem
1597 3006 1979 3083 alterumque
2024 3004 2249 3065 exemit
2292 3004 2441 3063 mihi

388 3091 843 3169 jucundissimis
888 3092 1262 3150 sermonibus
1305 3098 1511 3150 noster
1556 3091 1899 3164 Francius,
1945 3090 2201 3149 adducto
2240 3108 2441 3149 secum

397 3177 614 3236 comite
683 3179 776 3235 132
780 3178 1142 3251 ouckhuszo
1214 3181 1399 3255 poeta
1461 3195 1584 3234 non
1652 3176 1973 3301 humillimi
2036 3176 2315 3254 spiritus,
2390 3176 2440 3233 si
2496 3188 2504 3196 ·

395 3263 698 3321 hominem
745 3265 896 3322 forte
942 3263 1156 3322 nosti.’'

484 3348 690 3407 Mense
734 3348 927 3426 Aprili
969 3366 1173 3407 rursus
1218 3347 1334 3407 fuit
1378 3348 1613 3405 Vianae
1646 3346 1746 3421 (cf.
1784 3345 2089 3424 Sylloyen,
2120 3365 2259 3424 pag.
2296 3348 2438 3422 419,

399 3438 462 3492 et
516 3436 686 3493 Pet'ri
729 3434 992 3493 Francii
1036 3434 1366 3493 Posthuma
1407 3452 1547 3510 pag.
1597 3433 1762 3506 341).

491 3544 540 3618 ²³)
606 3546 876 3604 Joannes
910 3544 1205 3622 Georgius
1237 3544 1549 3617 Graevius,
1583 3562 1637 3601 a.
1677 3545 1836 3601 1632
1866 3549 2046 3603 natus
2068 3544 2439 3621 Numburgi,

400 3631 619 3690 litteris
665 3649 906 3709 operam
954 3630 1120 3689 dedit
1164 3630 1438 3707 Lipsiae,
1483 3629 1876 3704 Davcntriae,
1899 3629 2201 3707 Lugduni.
2261 3630 2441 3688 Anno

405 3718 565 3775 1656
634 3719 932 3794 professor
996 3716 1383 3792 eloquentiae
1443 3721 1683 3773 creatus
1746 3715 2119 3793 Teutoburgi
2174 3735 2227 3774 a.
2280 3716 2441 3774 1658

401 3802 794 3861 Daventriam
861 3802 1172 3879 migravit,
1240 3806 1498 3878 quatuor
1564 3800 1737 3858 annis
1799 3807 1938 3879 post.
1979 3801 2321 3861 Traiectum
2366 3800 2444 3859 ad

399 3888 713 3961 Rhenum,
769 3888 874 3945 ubi
921 3886 1327 3963 eloquentiam
1373 3892 1432 3945 et
1476 3886 1757 3945 historias
1800 3886 2213 3963 profitebatur.
2294 3886 2444 3945 Erat

400 3973 492 4031 vir
539 3979 598 4032 et
645 3972 821 4031 valde
854 3973 1123 4032 eruditus
1154 3979 1222 4031 et·
1245 3972 1531 4031 comitate
1561 3990 1894 4049 permagna
1922 3972 2192 4049 insignis.
2239 3971 2445 4032 Edidit

401 4058 768 4133 Hesiodum,
845 4058 1225 4132 Ciceronem,
1301 4058 1688 4131 Suetonium,
1763 4056 2039 4133 Florum,
2116 4057 2441 4133 Iustinum,

401 4144 653 4221 collegit
699 4144 1036 4203 Thesauros
1081 4143 1530 4220 Antiquitatum
1573 4143 2008 4218 Romanarum,
2056 4148 2239 4220 atque
2268 4142 2443 4201 Anti-

401 4230 704 4306 quitatum
751 4236 811 4289 et
857 4230 1160 4288 Historiae
1202 4229 1437 4288 Italiae.
1530 4228 1696 4287 Obiit
1740 4246 1793 4286 a.
1847 4231 2027 4287 1703.

494 4337 544 4415 4)
631 4340 986 4399 Indicantur
1031 4340 1137 4397 illa
1164 4340 1228 4398 in
1269 4339 1687 4413 codicenmanu
1718 4340 1937 4417 scripto
1968 4338 2237 4398 laudato·
2294 4338 2448 4397 Sunt

405 4425 699 4500 carmina,
771 4444 927 4503 quae
975 4427 1259 4503 leguntur
1303 4426 1366 4483 in
1413 4426 1644 4499 Poem.,
1692 4442 1831 4503 pag.
1880 4425 2035 4500 452,
2083 4426 2239 4499 454,
2289 4425 2407 4481 457
2430 4466 2445 4498 ,

306 4548 316 4557 .
405 4510 566 4587 458,
615 4513 768 4588 297,
817 4514 970 4588 298,
1023 4514 1174 4586 199,
1225 4513 1336 4587 το,
1383 4512 1540 4585 460,
1591 4512 1728 4569 139.
