2975 5209
1610 469 1701 533 98

627 683 848 728 munus
899 663 1064 751 quod
1111 663 1250 741 urbi
1299 670 1547 730 nostrae
1596 671 1913 751 praestare
1963 671 2193 730 teneor.
2258 663 2518 750 Aliquot
2540 664 2685 749 jam

629 783 761 848 dies
838 782 1149 848 turbatum
1232 790 1326 848 est
1393 784 1495 847 hic
1568 783 1647 848 ab
1719 767 1849 849 ista'
1903 783 2272 870 pannificum
2322 782 2686 847 turbulenta

625 904 837 990 faece,
916 925 1070 990 quos
1137 903 1715 989 drooqscheerders
1766 904 2083 990 appellant
2120 905 2183 987 ¹).
2302 903 2525 990 Neque
2575 924 2683 967 res

507 1067 512 1074 ·
631 1030 761 1088 erat
833 1024 962 1087 sine
1029 1024 1337 1110 periculo,
1389 1023 1689 1088 subversa
1738 1045 1937 1110 paene
1990 1023 2174 1086 domo
2224 1024 2359 1108 ejus
2409 1023 2684 1086 hominis

626 1144 686 1208 in
757 1165 942 1232 quem
1021 1165 1170 1208 suae
1219 1145 1654 1209 immodestiae
1704 1165 1957 1208 caussas
2007 1144 2274 1227 rejectas
2324 1143 2681 1229 cupiebant.

629 1263 893 1329 Habitat
943 1271 1149 1358 autem
1194 1264 1248 1327 is
1299 1265 1357 1327 in
1412 1273 1690 1329 extremo
1746 1265 1915 1329 urbis
1966 1264 2233 1348 augule,
2299 1263 2404 1326 ubi
2454 1264 2685 1348 vulgus

627 1382 882 1448 infidum
944 1389 1004 1448 et
1050 1384 1304 1469 perjura
1353 1385 1687 1467 meretrix,
1740 1384 1826 1447 ita
1871 1391 1940 1446 ut
1988 1389 2225 1448 armata
2272 1404 2455 1446 manu
2506 1382 2686 1446 cohi-

629 1502 870 1568 bendus
944 1502 1127 1567 fuerit
1182 1503 1430 1566 insanus
1479 1503 1585 1566 ille
1638 1503 2068 1566 bacchantium
2119 1503 2429 1566 Thracum
2479 1502 2677 1566 furor.

630 1621 715 1687 Ut
780 1624 966 1709 igitur
1028 1630 1088 1687 et:
1155 1624 1332 1687 miles
1403 1622 1691 1709 frequens
1751 1624 1829 1686 sit
1888 1623 1967 1686 ad
2015 1622 2226 1708 signa,
2282 1631 2343 1686 et
2390 1623 2678 1708 sopiatur

631 1764 817 1830 quam
883 1744 1140 1807 minimo
1213 1743 1493 1828 periculo
1564 1742 1915 1827 plebiculae
1977 1743 2349 1827 petulantia,
2444 1742 2680 1806 nemini

629 1862 1086 1948 praefectorum
1159 1861 1522 1925 militarium
1595 1862 1815 1926 abesse
1888 1862 2067 1926 licet:
2152 1882 2263 1924 nec
2312 1861 2559 1946 licebit,
2616 1874 2693 1924 ut

638 1982 859 2067 vide0,
935 1982 1093 2046 intra
1165 1981 1398 2067 aliquot
1466 1980 1635 2065 dies,
1715 2003 2085 2067 quamquam
2160 1982 2346 2045 rebus
2406 1981 2541 2065 jam
2590 1982 2693 2045 sic

638 2103 788 2166 satis
838 2101 1214 2189 compositis.
1319 2099 1496 2164 Haec
1546 2122 1791 2185 quoque
1840 2123 2060 2164 caussa
2109 2110 2204 2166 est
2252 2123 2359 2165 cur
2409 2101 2692 2166 nondum

638 2220 1016 2308 respondere
1083 2221 1393 2306 potuerim
1459 2221 1539 2283 ad
1607 2221 1959 2305 superiores
2019 2228 2153 2284 tuas
2204 2241 2391 2306 super
2437 2219 2699 2284 Horatii

637 2338 874 2404 Aristio
949 2340 1193 2424 FuscO,
1267 2349 1328 2404 et
1397 2339 1638 2402 Arellio
1690 2338 1986 2403 Senecae.
2088 2339 2230 2402 Fiet
2278 2339 2379 2423 id,
2437 2340 2517 2402 mi
2571 2335 2694 2402 Al-

639 2461 982 2545 meloveni,
1056 2459 1163 2522 ubi
1212 2459 1480 2544 primum
1530 2458 1802 2522 redditus
1852 2459 2024 2523 fuero
2076 2459 2353 2522 mihitac
2400 2458 2681 2522 libellis:

642 2580 826 2643 statui
875 2579 1038 2662 enim
1085 2599 1420 2664 numquam
1470 2578 1549 2642 ad
1600 2585 1660 2642 te
1710 2580 1980 2643 scribere
2030 2581 2161 2643 sine
2195 2580 2403 2666 aliqua
2437 2579 2699 2645 literata

549 2760 558 2766 ,
641 2699 896 2781 fabula,
952 2698 1117 2784 quod
1165 2699 1368 2784 ipsum
1413 2707 1480 2763 'et
1528 2709 1587 2764 te
1636 2699 1840 2763 facere
1889 2698 2162 2784 gaudeo,
2209 2707 2269 2764 et
2299 2699 2700 2786 profuturum

642 2827 794 2905 puto
865 2820 1183 2904 utriusque
1256 2827 1532 2883 nostrum
1582 2819 1821 2884 studiis.
1921 2818 2082 2884 Vale
2130 2818 2245 2882 Vir
2294 2818 2695 2906 Clarissimo,

645 2946 706 3004 et
763 2959 1051 3005 coronam
1108 2939 1288 3002 istam
1341 2939 1889 3004 celeberrimorum
1943 2939 2259 3004 hominum
2309 2939 2701 3003 Broukhusii

646 3059 834 3124 vestri
881 3060 1126 3124 nomine
1177 3080 1362 3144 quam
1414 3059 1863 3122 officiosissime
1919 3061 2154 3145 saluta,
2210 3079 2393 3145 quem
2430 3059 2701 3123 invitum

647 3179 868 3243 abesse
919 3200 956 3242 a
1004 3187 1129 3242 tam
1179 3178 1386 3263 lepido
1437 3199 1631 3263 grege
1679 3178 1860 3242 facile
1914 3176 2161 3242 credent
2211 3178 2312 3264 qui
2362 3183 2583 3242 norunt
2617 3181 2696 3263 2).

741 3297 1217 3362 Amstelodami.
1279 3299 1358 3360 15
1413 3296 1566 3360 Julii
1624 3298 1819 3361 1692.

1465 3579 1737 3594 WWm-”fa
1747 3581 1876 3596 WVW

749 3885 790 3960 ¹)
856 3886 948 3944 De
991 3885 1095 3944 illo
1142 3885 1400 3945 tumultu
1448 3884 1616 3942 vide:
1683 3885 2062 3962 Wagenaar,
2112 3885 2539 3958 Amsterdam‚
2592 3884 2710 3960 VI,

650 3991 790 4050 pag.
867 3975 1002 4029 182.
1072 3971 1451 4030 Broukhusio
1522 3971 1739 4028 vulnus
1808 3972 2099 4030 inflictum
2145 3990 2273 4029 essc
2318 3971 2592 4043 videtur3
2642 3970 2706 4028 d.

655 4059 810 4116 enim
879 4058 1098 4114 XXXI
1163 4058 1320 4134 Aug.
1392 4057 1725 4133 composuit
1792 4075 2065 4131 carmen,
2136 4057 2229 4114 cui
2288 4056 2531 4115 titulus:
2626 4055 2711 4114 In

655 4146 918 4202 tumultu
979 4147 1242 4219 quodam
1299 4145 1579 4220 gnaviter
1625 4143 1986 4201 vulneratus
2034 4162 2201 4219 ope-m
2248 4142 2541 4219 Chiruryi
2586 4143 2706 4198 im.-

647 4230 867 4306 plorat
911 4230 1164 4303 (Poem,
1209 4246 1350 4306 pag.
1403 4229 1571 4300 272).

745 4310 790 4388 2)
877 4316 944 4372 B.
1027 4315 1260 4392 scripsit
1327 4313 1381 4370 d.
1448 4313 1513 4370 II
1575 4313 1736 4389 Sept.
1807 4332 2077 4372 carmen:
2150 4315 2253 4372 Ad
2332 4313 2716 4371 Theodorum

656 4401 1021 4459 Jansonium
1071 4401 1144 4458 ab
1193 4401 1589 4458 Almeloveen.
1639 4399 1951 4460 Invitatus
1999 4400 2071 4456 ab
2118 4417 2181 4457 eo
2229 4400 2311 4457 ad
2357 4398 2716 4456 Convivium

659 4486 1068 4546 Eruditorum
1117 4487 1450 4544 absentiam
1496 4504 1671 4543 suam
1717 4491 1963 4543 excusat
2009 4486 2259 4560 (Poena,
2305 4502 2442 4564 pag.
2493 4485 2667 4557 262).
