2975 5209
1534 478 1572 541 4

513 682 802 765 praeerat
821 674 1163 762 Gymnasio
1185 672 1812 758 Amstelaedamensi,
1833 675 1927 738 vir
1950 679 2011 739 et
2033 674 2388 741 eruditione
2398 698 2579 763 prae·
2624 698 2629 703 ·

519 796 721 862 clarus
755 805 818 863 et
851 796 1038 863 rebus
1083 796 1467 863 scholasticis
1513 795 1785 878 deditus,
1828 796 2007 881 pueri
2028 816 2304 861 amorem
2334 797 2569 862 littera-

521 939 655 981 rum
708 917 1030 1001 excitavit,
1085 938 1202 1003 quo
1257 926 1478 1002 postea
1525 916 1715 979 vitam
1747 915 1935 980 valde
1967 916 2351 981 laboriosam
2388 910 2573 1004 atque

435 1094 442 1101 .
524 1038 832 1102 aerumnis
895 1037 1147 1122 plenam
1196 1036 1545 1100 faciliorem
1596 1041 1657 1099 et
1706 1035 2055 1099 suaviorem
2105 1036 2395 1101 reddidit.
2444 1091 2449 1097 .
2496 1037 2566 1100 In

525 1156 754 1221 Schola
802 1156 1408 1222 Amstelaedamensi
1451 1154 1887 1219 Broukhusius
1906 1175 2053 1219 cum
2082 1155 2273 1220 Petro
2300 1156 2569 1221 Francio

524 1278 830 1342 contraxit
909 1276 1285 1361 amicitiam,
1362 1296 1549 1361 quam
1614 1296 1862 1361 semper
1910 1275 2117 1339 coluit.
2217 1275 2567 1361 FranciuS,

521 1397 736 1484 paucis
787 1397 960 1459 annis
1009 1397 1207 1460 maior
1255 1403 1402 1459 natu
1451 1395 1849 1460 Broukhusio
1888 1398 1965 1479 ¹),
2019 1403 2085 1460 ut
2117 1396 2221 1461 ille
2252 1404 2578 1482 praestan-

526 1515 742 1579 tissimi
827 1522 958 1579 erat
1035 1515 1282 1599 ingenii.
1391 1514 1635 1579 Ambos
1715 1536 1981 1600 pueros,
2072 1537 2213 1579 cum
2288 1516 2573 1581 animum

525 1634 916 1721 ostenderent
962 1656 1338 1721 propensum
1389 1634 1467 1699 ad
1520 1636 1792 1721 poetices
1826 1634 2029 1698 studia
2064 1634 2285 1699 Junius
2315 1635 2569 1721 impulit

527 1755 606 1820 ad
661 1755 848 1819 illam·
893 1756 1124 1840 ingenii
1180 1755 1537 1819 facultatem
1590 1752 2014 1819 excolendam.
2115 1754 2449 1819 Francium
2504 1763 2569 1819 ut

529 1874 822 1937 Ovidium
900 1874 1244 1938 imitaretur
1310 1874 1577 1957 monuit,
1654 1874 2054 1938 Broukhusio
2108 1894 2255 1939 vero
2304 1866 2572 1961 Proper-

525 1997 677 2063 tium
727 1996 1050 2081 exemplar
1097 1995 1441 2081 proposuit.
1528 2027 1533 2035 ·

623 2114 724 2179 Ac
772 2114 1218 2181 adolescentes
1294 2113 1553 2177 consilia
1621 2112 1788 2177 Junii
1850 2134 2077 2199 magna
2127 2136 2267 2178 cum
2318 2116 2575 2180 utilitate

526 2241 772 2301 secutos
841 2254 978 2298 esse
1047 2254 1128 2297 ex
1193 2253 1408 2297 eorum
1465 2233 1839 2296 carminibus
1909 2234 2233 2299 manifeste
2284 2254 2563 2321 apparet.

524 2353 956 2418 Broukhusius
1001 2352 1061 2415 in
1113 2352 1486 2415 carminibus
1537 2348 1979 2437 componendis
2028 2364 2177 2417 mox
2227 2355 2315 2417 ita
2364 2356 2571 2419 excel-

530 2473 676 2555 luit,
747 2478 853 2553 ut,
929 2491 1069 2535 cum
1133 2470 1311 2555 pueri
1373 2454 1420 2532 a‘
1461 2469 1960 2555 Gymnasiarcha
2008 2472 2237 2535 incitati
2288 2478 2580 2559 poemata

529 2591 868 2656 scriberent
923 2590 1004 2653 ad
1053 2588 1493 2655 celebrandum
1544 2588 1975 2654 Valkenirium
2026 2592 2348 2656 consulem
2401 2613 2578 2657 crea-

531 2719 658 2775 tum
694 2713 778 2797 ²),
853 2710 944 2774 illi
999 2709 1184 2774 facile
1250 2710 1463 2795 palma
1514 2708 1721 2773 delata
1771 2712 2007 2773 consuli
2056 2732 2303 2776 carmen
2355 2712 2579 2779 offerre

533 2830 872 2915 contigerit.
973 2828 1100 2893 Sed
1171 2835 1428 2914 patruus
1500 2829 1877 2893 existimavit
1924 2831 2049 2893 iam
2100 2832 2249 2895 satis
2284 2834 2579 2918 temporis

531 2949 726 3014 Musis
800 2956 983 3035 atque
1057 2948 1396 3033 disciplinis
1467 2948 1679 3012 datum
1740 2970 1876 3013 esse
1928 2957 1989 3015 et
2039 2972 2301 3035 puerum
2354 2952 2578 3021 victum

533 3070 652 3133 sibi
687 3089 982 3154 quaerere
1016 3073 1321 3153 oportere.
1401 3065 1687 3131 Tradidit
1709 3068 1898 3152 igitur
1924 3090 2067 3133 eum
2092 3070 2153 3132 in
2185 3069 2574 3156 disciplinam

485 3188 1058 3273 ·pharmocopolae
1131 3194 1192 3250 et
1267 3186 1721 3267 „castissimum
1795 3188 1959 3250 hunc
2010 3186 2322 3273 Apollinis
2372 3210 2575 3253 sacer-

534 3305 742 3371 dotem
770 3306 958 3369 olenti
983 3306 1498 3391 pharmacopolio
1526 3312 1587 3369 et
1614 3305 1886 3370 foetidae
1908 3308 2192 3371 officinae
2210 3308 2511 3393 alligare”
2530 3310 2577 3392 ³)

635 3626 674 3701 ¹)
769 3628 984 3687 Petrus
1059 3628 1349 3685 Francius
1425 3628 2040 3687 Amstclaedamensis
2110 3636 2289 3689 natus
2366 3637 2456 3690 est
2526 3630 2581 3687 d.

535 3714 690 3771 XIX
715 3713 871 3790 Aug.
906 3732 959 3770 a.
1001 3714 1178 3770 1645.
1213 3712 1497 3790 Lugduni
1527 3713 1754 3773 audivit
1784 3714 1960 3772 Joan.
1998 3714 2157 3772 Frid.
2198 3716 2585 3789 Gronovium,

537 3819 588 3857 a.
667 3800 824 3855 1669
893 3798 1182 3875 Angliam
1249 3804 1432 3874 atque
1501 3799 1765 3856 Galliam
1834 3799 2132 3859 lustravit.
2195 3801 2587 3878 Andegaviae

537 3884 745 3943 doctor
807 3884 956 3941 iuris
996 3884 1382 3943 renuntiatus
1450 3885 1705 3943 contulit
1766 3904 1830 3943 se
1875 3885 1938 3941 in
1982 3886 2257 3962 Italiam,
2305 3888 2410 3944 ubi
2454 3904 2589 3944 cum

537 3970 738 4050 multis
812 3969 956 4026 viris
1017 3969 1550 4028 doctisamicitias
1595 3970 1816 4029 iunxit.
1906 3970 2057 4029 Inde
2104 3972 2180 4042 ab
2228 3991 2386 4032 auno
2426 3974 2541 4029 167
2551 3974 2586 4027 4

536 4056 601 4115 in
643 4054 962 4120 Athenaeo
1009 4054 1594 4113 Amstelaedamensi
1639 4054 1953 4113 historiam
1998 4056 2331 4115 Romanam
2379 4063 2438 4117 et
2471 4053 2591 4115 elo-

539 4140 853 4215 quentiam
916 4140 1225 4217 profitenti
1283 4160 1336 4198 a.
1404 4142 1564 4197 1686
1614 4140 1798 4199 etiam
1843 4141 2092 4217 linguae
2137 4144 2405 4201 Graecae
2448 4160 2588 4220 pro-

539 4225 718 4283 fessio
740 4225 832 4282 illi
848 4231 940 4284 est
963 4225 1342 4285 demandata.
1371 4224 1751 4284 Carminibus
1778 4227 2274 4304 orationibusque
2304 4246 2590 4306 magnam

541 4312 635 4368 sui
682 4309 900 4368 famam
947 4311 1216 4387 reliquit.
1310 4310 1476 4369 Obiit
1523 4311 1619 4368 die
1663 4312 1858 4370 natali
1905 4330 1956 4369 a.
2012 4314 2191 4371 1704.

627 4396 672 4469 2)
764 4396 940 4454 Gillis
983 4396 1316 4454 Valkenier
1359 4415 1411 4454 a.
1466 4397 1624 4454 1665
1670 4397 1927 4473 primum
1958 4400 2161 4457 consul
2198 4404 2438 4457 creatus
2472 4403 2579 4456 est.

632 4477 681 4556 3)
771 4481 862 4540 Of.
908 4482 1242 4539 Burmanni
1291 4482 1499 4556 Orat.‚
1544 4500 1681 4559 pag.
1735 4484 1871 4539 171.
