2975 5209
1375 462 1458 526 79

311 659 546 743 -·jocis
635 660 865 724 irritem
954 660 1259 725 malorum
1341 659 1711 723 crabronum
1789 658 2133 743 pessimum
2217 674 2436 741 genus.

385 778 504 842 Est
572 786 632 842 et
689 779 920 873 alioqui
975 778 1196 842 festiva
1247 777 1421 840 nobis
1471 778 1642 843 domi
1693 780 1830 863 ejus
1882 798 2161 843 annonae
2215 776 2441 863 copia,

385 881 586 984 neq'ue
636 900 971 963 verendum
1023 920 1098 963 ne
1146 898 1386 961 Musam
1437 900 1683 962 silentio
1734 899 2111 985 perdamuS‚
2166 917 2284 961 nec
2332 916 2445 959 nos

382 1016 683 1081 Phoebus
751 1020 1056 1103 respiciat.
1157 1018 1602 1084 Scrcnissimus
1654 1019 1811 1083 Octo
1863 1018 1976 1083 Vir
2026 1015 2445 1081 Brandebur-

379 1136 555 1219 gicus
631 1152 890 1221 augusta
950 1160 1022 1201 ac
1084 1140 1266 1224 plane
1327 1139 1530 1223 Regia
1579 1140 1949 1220 liberalitate
2002 1143 2443 1201 remuneratus

382 1264 513 1340 est,
592 1279 709 1321 non
781 1258 987 1323 dicam
1060 1279 1306 1323 carmen
1379 1280 1647 1345 meum,
1724 1259 1834 1322 sed
1899 1258 2169 1321 animum
2236 1256 2444 1342 potius

375 1376 541 1439 illius
609 1364 846 1461 gloriae
896 1378 1318 1443 decantandae
1369 1378 1887 1463 cupidissimum,
1968 1384 2151 1463 atque
2200 1375 2431 1439 utinam

375 1516 612 1580 parem.
713 1496 881 1560 Misit
949 1499 1319 1561 numismata.
1385 1520 1466 1561 ex.
1535 1520 1685 1561 auro
1764 1520 1911 1583 sex,
1990 1518 2250 1583 quorum
2312 1496 2433 1560 duo

380 1614 686 1698 primitias
733 1614 951 1679 Martis
984 1616 1475 1701 Brandeburgici
1512 1618 1894 1703 exprimunt,
1950 1616 2242 1681 Caesa-:is
2275 1615 2440 1678 insu-

384 1736 551 1819 lam,
629 1735 747 1799 duo
825 1736 948 1799 alia
1021 1736 1338 1801 victoriam
1414 1737 1807 1801 Bonnensem
1856 1739 1932 1821 ¹),
2009 1738 2255 1801 tertium
2325 1756 2440 1821 par

388 1854 753 1939 homagium
817 1876 854 1917 a
919 1856 1167 1941 populis
1217 1856 1555 1921 Borussiae
1604 1857 2003 1944 Regiomonti
2053 1856 2433 1943 praestitum.

381 1971 714 2037 Accedunt
787 1974 1070 2057 ejusdem
1143 1978 1463 2041 commatis
1540 1978 1736 2041 altera
1810 1997 1922 2040 sex
1996 1996 2075 2039 ex
2144 1981 2399 2059 argento
2417 2023 2436 2055 ,

381 2114 509 2155 una
558 2113 698 2156 cum
748 2092 938 2157 literis
989 2091 1512 2159 Excellentissimi
1564 2095 2064 2178 Dankelmanni‚
2102 2092 2434 2156 invidenda

379 2212 767 2277 humanitate
866 2234 1054 2299 supra
1149 2221 1378 2278 sortem
1472 2236 1678 2279 meam
1742 2214 2051 2279 officiosis,
2147 2211 2435 2276 Eandem

379 2330 614 2394 favoris
681 2331 1053 2398 Elector-alis
1120 2334 1563 2417 benignitatem
1614 2334 1805 2399 sensit
1852 2340 2059 2398 noster
2107 2330 2431 2396 Francius,

377 2451 564 2515 Haec
613 2453 800 2516 velim
841 2454 1056 2517 amicis
1091 2455 1524 2518 communibus
1558 2454 1836 2541 inprimis
1872 2460 2079 2517 autem
2112 2451 2429 2537 CramerO,

375 2572 720 2657 impertias.
824 2572 922 2637 Tu
990 2574 1165 2659 vale,
1243 2575 1327 2637 mi
1378 2575 1694 2637 carissime
1742 2573 1967 2657 frater,
2048 2578 2109 2635 et
2158 2571 2304 2658 quid
2355 2570 2433 2636 de

374 2690 584 2755 reditu
654 2699 761 2756 tuo
837 2714 1090 2778 sperare
1164 2692 1430 2759 debeam
1499 2694 1597 2758 fao
1666 2694 1859 2757 sciam
1908 2714 2095 2777 quam
2143 2691 2428 2777 primum.

374 2786 617 2875 Iterum
667 2813 843 2897 vale,
898 2834 971 2876 ac
1020 2834 1159 2898 me,
1215 2812 1379 2900 quod
1429 2813 1622 2898 facis,
1676 2834 1885 2877 ama-re
1932 2832 2147 2897 perge.

473 2930 826 2996 Amstelod.
884 2934 968 2995 22
1026 2933 1278 2997 Januar.
1337 2936 1539 2998 1691.

1204 3082 1432 3097 W-J‘JMM
1436 3080 1615 3097 ww*

1236 3174 1484 3239 LXVII
1517 3176 1585 3257 2).

827 3314 960 3378 Viro
1005 3314 1348 3380 Eruditionis
1395 3316 1554 3381 fama
1598 3314 1982 3380 Celeberrimo

1093 3426 1262 3491 lanus
1307 3427 1712 3491 BroukbusiuS.

475 3552 843 3619 Munuscula
914 3563 1056 3642 tua,
1133 3560 1218 3621 mi
1288 3558 1616 3644 Perizoni,
1670 3560 1755 3622 uti
1810 3563 1870 3622 et
1918 3557 2011 3621 Ol.
2063 3554 2248 3619 Eckii
2298 3554 2425 3618 ele-

371 3672 804 3759 gantissimam
869 3672 1198 3760 Elegiam,
1276 3698 1350 3741 eo
1403 3698 1524 3762 quo
1573 3700 1688 3763 par
1740 3684 1867 3742 erat
1922 3678 2124 3741 animo
2176 3673 2425 3759 accepi,

373 3790 438 3854 id
508 3799 629 3876 est,
703 3800 877 3877 grato
927 3792 1120 3879 'atque
1170 3796 1438 3861 lubente.
1546 3796 1669 3860 Sed
1725 3794 1894 3882 quod'
1938 3818 2039 3861 me
2091 3795 2427 3859 Censorem

373 3913 530 3976 facis
581 3933 867 3977 versuum
918 3923 1198 3999 tuorum,
1265 3938 1483 3979 vereor
1537 3925 1601 3979 ut
1648 3916 1839 3981 facias
1888 3916 2053 3979 bono
2104 3936 2241 3978 cum
2292 3911 2427 3976 Mu-

372 4054 586 4117 sarum
653 4034 966 4119 suffragio.
1066 4035 1228 4099 Nam
1287 4056 1640 4121 quanquam
1693 4057 1921 4121 negare
1973 4035 2179 4118 n010‚‘
2211 4033 2430 4097 crebra

376 4161 438 4217 et
489 4153 737 4237 legendi
788 4162 849 4218 et
897 4156 1207 4219 scribendi
1258 4155 1699 4220 exercitatione
1752 4155 1985 4242 aliquid
2034 4156 2095 4218 in
2145 4155 2264 4219 hac
2298 4160 2429 4218 arte

469 4325 540 4401 ²).
599 4325 883 4383 Germani
927 4325 980 4383 cl.
1013 4326 1140 4383 XII
1187 4324 1316 4384 Oct.
1371 4328 1529 4384 1689
1577 4327 1853 4385 Bonnam
1886 4325 2137 4385 aGallis
2164 4342 2417 4401 occupa-

371 4415 500 4468 tam
546 4418 852 4487 ceperunt.

465 4495 511 4573 2)
598 4494 672 4554 In
715 4496 1102 4557 Bibliotheca
1145 4495 1555 4575 Lugdunensi.
