2975 5209
1590 514 1671 586 18

596 724 772 805 sunt,
824 717 941 783 nisi
980 717 1145 805 quod
1178 717 1418 784 fervent
1445 719 1665 805 praela
1698 723 1759 784 et
1792 720 2106 785 calcantur
2137 740 2335 806 uvae,
2387 740 2657 807 quarum

595 840 972 905 uberrimam
1023 839 1398 906 vindemiam
1444 840 1549 905 hic
1598 844 1927 905 autumnus
1976 839 2149 905 dedit
2190 839 2301 924 ⁸).”

689 960 997 1048 Treviris,
1052 964 1087 1027 7
1145 960 1370 1027 Octob.
1431 964 1634 1027 1676.

1412 1098 1821 1115 &hm-Dm

1598 1180 1658 1241 7.

1239 1308 1430 1373 loanni
1477 1307 1724 1392 Goon-flio
1772 1307 2015 1373 Graevio

1197 1419 1442 1483 loannes
1483 1418 1603 1483 Van
1650 1417 2051 1483 Brockhuiscn.

688 1551 845 1617 Post
910 1551 1114 1616 varios
1177 1573 1356 1617 casus
1407 1559 1468 1618 et
1515 1553 1758 1617 viarum
1808 1552 2162 1617 discrimina
2210 1551 2458 1616 fortuna
2506 1572 2653 1616 eum

597 1672 658 1735 in
740 1671 942 1735 minus
1021 1677 1260 1737 remoto
1356 1672 1495 1737 lbco
1573 1672 1919 1737 collocavit.
2027 1670 2279 1754 „Nobi1.
2334 1672 2652 1755 „Heinsius

597 1796 920 1857 monuerat
956 1812 1094 1875 me,
1148 1812 1266 1857 non
1315 1792 1536 1878 procul
1583 1814 1620 1856 a
1668 1791 1859 1857 muris
1911 1790 2367 1876 (Trevirorum)
2418 1812 2555 1856 esse
2582 1789 2648 1856 S.

596 1910 873 1977 Amandi
941 1912 1384 1978 monasterium
1442 1912 1652 1976 multis
1703 1911 2143 1997 manuscriptis
2193 1911 2443 1996 nobile3
2497 1911 2654 1975 illud

597 2052 744 2096 vero
795 2030 1192 2097 Trevirorum
1240 2053 1424 2097 nemo
1475 2031 1675 2118 potuit
1724 2030 1877 2095 mihi
1927 2037 2433 2096 commonstrare.
2512 2029 2651 2095 Nisi

597 2151 813 2237 fallor,
865 2152 926 2215 in
974 2152 1385 2237 Lotharingia
1431 2151 1606 2215 istius
1641 2150 1903 2215 nominis
1939 2149 2310 2215 coenobium
2356 2155 2489 2234 est,-
2538 2149 2653 2213 sed

598 2269 678 2335 ab
726 2272 905 2336 hoste
952 2269 1324 2336 insessum.''
1422 2270 1702 2335 Salutem
1752 2268 2034 2356 Solingio
2070 2271 2122 2353 2)
2172 2278 2235 2334 et
2276 2268 2657 2333 lectissimae

594 2387 820 2489 viduae
865 2389 1200 2475 Hagenacr
1233 2392 1303 2474 ²³).

687 2507 760 2572 In
808 2529 974 2595 pago
1024 2508 1405 2575 Kauhausen
1443 2511 1514 2592 ⁴).
1620 2512 1702 2573 14
1754 2509 2057 2576 Decemb.
2117 2510 2320 2574 1676.

1493 2724 1527 2735 ,.
1560 2727 1599 2789 8
1631 2727 1701 2809 5).

1357 2858 1497 2923 lano
1543 2857 1895 2922 Broukhusio

1173 2969 1416 3035 loannes
1461 2969 1739 3052 Georgius
1786 2968 2079 3033 Graevius,

690 3100 1072 3168 Broukhusii
1131 3105 1424 3189 epistolas
1473 3104 1749 3189 accepit,
1802 3107 1862 3166 et
1909 3100 2137 3188 gaudet
2181 3124 2323 3168 eum
2366 3102 2641 3168 Treviris

597 3225 826 3289 relictis
872 3226 1128 3314 propius
1179 3224 1497 3292 admotum
1550 3248 1704 3293 esse.
1810 3226 2056 3310 „Doleo
2106 3225 2373 3291 Martem
2423 3248 2460 3292 a
2506 3223 2644 3290 Mu-

597 3366 806 3411 sarum
887 3347 1103 3411 eastris
1185 3352 1246 3412 te
1314 3368 1613 3421 avocare,
1664 3324 1747 3410 ’in
1820 3346 2048 3433 quibus
2123 3347 2363 3432 majore
2444 3346 2644 3431 gloria

596 3464 861 3530 militare
929 3464 1217 3551 posscs.”
1289 3500 1385 3515 —-
1456 3464 1628 3547 „Sed
1695 3465 1944 3530 sustine.
2044 3463 2233 3530 Forte
2311 3471 2372 3530 tc
2422 3472 2631 3531 manet

599 3604 784 3650 scena
867 3584 1054 3668 digna
1132 3584 1252 3648 tuis
1326 3584 1579 3649 meritis.
1679 3582 2144 3649 Amsterodami
2222 3586 2433 3649 audio<
2491 3585 2644 3650 rude

695 3778 738 3854 1)
775 3781 843 3838 Β.
863 3780 1194 3858 composuit
1211 3797 1472 3839 carmen:
1499 3780 1574 3838 In
1592 3782 1955 3839 vindemiam
1969 3783 2119 3840 anm·
2135 3779 2641 3839 MDOOLXXVI.

598 3866 702 3925 Aa
766 3866 1068 3924 Bacchum
1134 3866 1232 3939 (cf.
1286 3866 1515 3940 Poem.,
1561 3884 1699 3943 pag.
1749 3868 1915 3939 484).
1962 3866 2158 3926 Multa
2202 3865 2326 3923 alia
2371 3866 2645 3925 carmina

595 3950 833 4027 scripsit
883 3951 1180 4016 Treviris,
1242 3951 1316 4008 cf.
1369 3951 1593 4026 Poem,
1661 3970 1800 4029 pag.
1851 3952 1965 4028 35,
2035 3954 2148 4026 80,
2219 3952 2327 4026 913
2392 3951 2645 4011 Gedich-

597 4043 731 4111 ten,
776 4054 915 4114 pag.
968 4037 1036 4110 1,
1083 4038 1194 4111 23,
1245 4037 1343 4093 31.
1451 4022 1458 4035 ’

685 4116 736 4195 ²)
823 4121 1123 4179 Henricus
1181 4139 1218 4179 a
1269 4121 1560 4199 Solingen
1622 4120 1982 4181 medicinam
2028 4124 2357 4182 exercebat
2399 4122 2461 4180 in
2506 4122 2657 4203 urbe

594 4206 796 4284 patria
840 4206 1204 4265 Traiectina.

684 4289 734 4366 ³)
819 4291 913 4350 De
956 4292 1136 4351 vidua
1179 4292 1509 4370 Hagenaer
1554 4292 1690 4351 vide
1736 4293 1812 4351 ad
1855 4294 2044 4372 Epist.
2089 4295 2262 4352 XVI.

681 4372 732 4451 4)
819 4377 893 4435 In
973 4378 1141 4437 nullo
1221 4378 1423 4437 lexico
1506 4380 1913 4457 geographico
1981 4398 2202 4440 nomen
2268 4380 2429 4439 illius
2498 4376 2642 4457 pagi

592 4479 894 4621 magonia
937 4548 1318 4609 Bibliotheca
1360 4548 1774 4627 Lugdunensi.
