2975 5209
1564 486 1649 549 84

1492 681 1729 747 LXIX.

1037 874 1341 939 Theodoro
1387 874 1684 938 ianssonio
1729 876 1802 939 ab
1847 876 2205 941 Almclovccn

1300 985 1470 1051 lanus
1517 985 1921 1053 Broukhusius.

678 1179 859 1253 Quod
908 1180 1283 1244 tardiuscule
1334 1180 1414 1244 ad
1465 1184 1600 1243 tuas
1650 1179 2037 1267 respondeo,
2092 1181 2182 1245 vir
2218 1180 2637 1265 Clarrissime,

540 1292 760 1365 ¹dabis
809 1307 870 1365 et
918 1300 1421 1386 occupationibus
1473 1302 1819 1386 nonnullis,
1874 1309 1969 1386 et,
2024 1300 2188 1389 quod
2241 1301 2443 1365 verius
2494 1305 2593 1365 est
2624 1349 2641 1383 ,

580 1400 1139 1483 naturali'cuidam
1189 1419 1502 1505 desidiae,
1557 1441 1715 1506 quae
1755 1442 1855 1487 me
1900 1443 2017 1486 non
2054 1443 2191 1486 raro
2228 1442 2265 1483 a
2300 1420 2639 1505 scriptione

527 1590 533 1597 .
579 1539 850 1605 retrahit.
950 1539 1050 1603 De
1083 1534 1362 1603 versibus
1404 1540 1579 1603 novis
1616 1540 1912 1605 cudendis
1953 1542 2231 1627 (ignosce
2265 1547 2391 1603 tam
2420 1545 2645 1625 aperte

579 1660 878 1747 loquenti)
954 1681 1073 1724 non
1151 1668 1243 1725 est
1303 1662 1465 1748 quod
1520 1684 1725 1726 meam
1772 1684 2035 1749 operam
2086 1661 2417 1727 sollicites:
2480 1680 2643 1722 sum

583 1780 747 1845 enim
795 1782 984 1866 paulo
1035 1781 1292 1845 alienior
1341 1781 1421 1845 ab
1469 1782 1589 1846 isto
1638 1782 2020 1847 lautitiarum
2073 1802 2321 1867 genere.
2408 1780 2645 1843 Dicam

581 1900 768 1985 igitur
818 1900 894 1965 dc
941 1900 1053 1984 iis,
1109 1921 1261 1986 quos
1312 1901 1500 1965 mittis
1544 1905 1623 1986 ¹),
1676 1902 1738 1965 id
1790 1901 1956 1988 quod
2006 1902 2225 1965 sentio.
2275 1900 2353 1963 In
2388 1898 2643 1989 priore,

585 2020 846 2084 Moenia
915 2019 1168 2102 CattuS,
1236 2042 1378 2105 opes
1443 2021 1623 2085 dedit
1693 2022 1923 2106 Isala,
1973 2024 2266 2106 juraque
2318 2020 2635 2103 Florens,

585 2140 771 2227 plane
819 2140 969 2203 nihil
1019 2146 1317 2205 mutatum
1369 2142 1576 2205 velim.
1678 2140 2129 2226 Complectitur
2177 2140 2341 2205 enim
2376 2138 2491 2203 tria
2519 2139 2643 2202 illa

591 2283 748 2347 quae
811 2262 952 2327 sciri
1020 2262 1410 2347 potissimum
1468 2263 1690 2348 vultiS,
1743 2262 1865 2326 loci
1916 2261 2333 2347 conditorem,
2386 2264 2645 2346 oportu-

588 2382 844 2446 nitatem
913 2388 1096 2467 atque
1142 2381 1583 2466 incrementa,
1656 2386 1717 2447 et
1782 2402 1995 2445 eorum
2067 2401 2355 2466 caussas,
2417 2400 2649 2465 nempe

585 2501 915 2589 privilegia
963 2521 1015 2590 a·
1048 2500 1366 2565 Florentio
1419 2501 1665 2565 Comite
1713 2499 1969 2565 indulta.
2068 2498 2203 2565 Nec
2245 2499 2539 2587 estquod
2575 2507 2643 2565 te

588 2628 840 2688 moveat
901 2642 1029 2687 vox
1081 2624 1288 2708 jaro,
1363 2643 1521 2708 quae
1585 2643 1699 2708 pro
1749 2622 2091 2708 privilegiis
2142 2642 2333 2707 saepe
2381 2620 2635 2706 ponitur

592 2742 757 2827 apud
829 2741 1064 2828 probos
1131 2742 1482 2827 scriptores⁸
1586 2740 1888 2825 Ovidius,
1966 2740 2165 2827 Epist.
2221 2738 2511 2827 Sapphus
2548 2740 2644 2823 2);

596 2860 781 2925 Hanc
831 2862 1021 2945 leyem
1072 2862 1248 2925 locus
1297 2862 1407 2925 ille
1455 2868 1649 2946 tenet,
1706 2862 1787 2925 de
1819 2860 2114 2926 Leucade
2146 2866 2326 2945 petra
2361 2860 2647 2945 loquens.

592 2980 894 3067 Idemque
961 2980 1108 3044 alibi
1145 2977 1232 3065 3):
1307 2980 1486 3045 Haec
1546 3000 1623 3045 ea:
1674 2981 1801 3066 Zeye
1850 2982 1973 3045 loci
2023 2979 2355 3045 com-moda
2416 2976 2652 3042 Circus

595 3100 798 3165 habet.
897 3100 1262 3188 Propertius
1337 3101 1524 3165 etiam
1598 3102 1786 3187 paulo
1862 3101 2085 3165 clarius
2122 3102 2211 3186 4):
2289 3098 2432 3162 Hoc
2487 3097 2653 3161 mihi

587 3227 962 3307 perpeluum
983 3221 1100 3305 jus
1137 3228 1268 3305 est,
1307 3220 1476 3305 quod
1513 3221 1688 3284 solus
1725 3227 2013 3305 amator,
2070 3220 2198 3285 Nec
2232 3220 2351 3283 cito
2386 3217 2651 3297 desiste,

597 3362 708 3406 nec
773 3348 998 3407 temere
1060 3343 1316 3425 incipio.
1415 3341 1676 3428 Itaque,
1730 3348 1797 3405 ut
1844 3341 2009 3419 dixi,
2063 3340 2214 3403 nihil
2263 3337 2648 3403 mutandum.

597 3459 778 3527 Alter
847 3462 953 3527 ille
1026 3482 1148 3525 non
1219 3462 1615 3527 incommode
1687 3462 1773 3526 ita
1847 3460 2064 3547 refingi
2121 3480 2309 3545 posse
2358 3456 2648 3521 videtur:

598 3581 866 3665 Imperii
914 3582 1091 3645 sedes
1143 3588 1197 3647 et
1249 3582 1404 3647 bello
1457 3590 1513 3646 et
1548 3603 1714 3667 pace
1762 3582 2093 3663 Jacobae;
2143 3580 2244 3644 vel
2277 3576 2397 3663 ita,
2434 3576 2485 3640 si
2518 3596 2653 3639 ma·

599 3702 726 3770 vis:
799 3700 1067 3783 Imperii
1114 3702 1292 3766 sedes
1325 3703 1884 3787 fortunarumque
1933 3699 2255 3784 Jacobae,
2310 3696 2476 3789 quod
2525 3714 2649 3778 ego

571 3821 872 3917 ‘mallem
987 3807 1395 3888 Wctsteinius
1475 3831 1684 3890 noster
1745 3822 1804 3885 in
1882 3822 2108 3886 animo·
2159 3818 2351 3883 habet
2421 3836 2652 3880 novam

599 3940 875 4009 Phaedri
923 3942 1292 4028 editionem,
1347 3965 1533 4030 quam
1586 3943 1925 4030 expolitam
1978 3946 2223 4027 optaret
2266 3933 2652 4003 observatio-

692 4156 732 4235 ¹)
819 4162 1075 4222 Videtur
1135 4163 1592 4223 Almelovenius
1658 4182 1900 4223 carmen
1970 4161 2279 4240 scripsisse
2324 4158 2386 4217 in
2432 4156 2651 4222 urbem

605 4247 898 4308 Goudam.

695 4336 741 4405 2)
829 4333 933 4391 Vs.
987 4336 1123 4391 171.

695 4414 744 4494 ³)
835 4419 1006 4494 Am,
1050 4418 1178 4493 ΙΙΙ,
1227 4421 1295 4494 2,
1342 4438 1429 4477 vS.
1480 4421 1581 4477 20.

695 4497 748 4579 ⁴)
831 4504 962 4580 ΙΙΙ,
1010 4506 1120 4580 13,
1164 4522 1250 4563 vs.
1301 4504 1400 4562 35.
