2975 5209
1343 475 1464 536 111

356 689 499 754 quo
571 689 645 732 ne
715 667 958 753 quidem
1027 669 1290 754 epistola
1355 671 1675 756 impetrari
1742 679 1963 757 potest.
2020 671 2287 743 Questus
2342 677 2436 736 est

360 787 534 851 mihi
591 788 921 850 novissime
997 786 1244 851 Jensius
1281 789 1358 870 ¹),
1425 789 1543 853 sibi
1595 791 1889 874 scriptum
1940 790 2131 853 fuisse
2181 788 2430 854 Amste-

359 907 674 988 lodamo‚
735 905 1066 970 Francium
1118 908 1358 990 jactare
1409 910 1644 996 passim
1696 929 1939 973 errores
1991 929 2027 971 a
2077 929 2143 972 se
2195 909 2256 971 in
2308 929 2437 971 car-

357 1027 548 1090 mine
597 1026 839 1090 Graeco
891 1028 1292 1111 commissOS,
1347 1029 1691 1092 ostendisse
1743 1049 1851 1091 eos
1902 1028 2086 1091 etiam
2135 1028 2265 1091 sine
2299 1028 2428 1090 ulla

358 1146 736 1240 circuitione
772 1146 1128 1231 Groxvao,
1185 1169 1253 1211 se
1295 1169 1443 1232 ergo
1474 1149 1717 1212 misisse
1750 1149 1959 1212 literas
2000 1147 2443 1211 humanissime

359 1265 640 1350 scriptas
675 1265 754 1328 ad
795 1264 1126 1330 Francium
1153 1269 1222 1351 2),
1279 1281 1339 1332 et
1366 1268 1771 1352 rogitavisse,
1825 1273 1891 1330 ut
1924 1289 2137 1332 secum
2165 1287 2431 1352 quoque,

365 1385 464 1448 ad
533 1407 715 1471 quem
782 1385 1011 1472 ubique
1081 1387 1236 1450 haec
1286 1409 1386 1451 res
1433 1388 1805 1476 pertineret,
1861 1408 1971 1451 eos
2026 1387 2212 1450 vellet
2264 1407 2430 1450 com-

328 1505 730 1590 .municare,
783 1513 848 1568 ut
895 1506 981 1568 ita
1029 1506 1146 1568 sibi
1187 1507 1246 1570 in
1297 1513 1617 1592 posterum
1667 1508 1745 1571 ab
1795 1509 1869 1571 iis
1918 1514 2132 1594 posset
2182 1528 2429 1590 cavere,

369 1631 450 1689 et
495 1645 608 1710 per
654 1625 862 1690 literas
923 1646 1002 1688 ex
1051 1624 1318 1690 Francio
1369 1626 1428 1690 in
1472 1647 1538 1689 re
1588 1628 1833 1712 poetica
1881 1628 2262 1712 proficere3).
2345 1625 2432 1689 At

369 1743 540 1807 nihil
610 1744 923 1808 literarum
997 1766 1063 1808 se
1125 1765 1161 1807 a
1208 1743 1472 1809 Francio
1526 1746 1883 1812 obtinuisse.
1984 1746 2174 1818 Quod
2224 1747 2277 1810 si
2324 1747 2443 1811 ille

369 1885 503 1948 per
573 1863 768 1927 Jensii
818 1865 977 1928 latus
1023 1886 1122 1930 me
1171 1870 1382 1951 petat,
1437 1865 1604 1948 (nam
1655 1873 1717 1930 et
1766 1867 1884 1929 hoc
1934 1863 2155 1949 audi0‚
2204 1864 2437 1957 jecisse

372 1983 601 2068 illum,
655 1984 865 2049 mirari
917 2006 1014 2070 se,
1070 2006 1309 2049 errores
1360 1986 1511 2048 istos
1562 2007 1682 2049 non
1734 1984 1923 2048 fuisse
1958 2006 1995 2047 a
2028 2005 2131 2047 me
2168 1973 2442 2047 animad-

376 2093 869 2189 versosjsciat,
925 2126 1169 2176 carmen
1223 2106 1435 2170 datum
1483 2105 1677 2169 fuisse
1728 2126 1763 2167 a
1813 2103 2028 2168 Jensio
2072 2103 2434 2171 examinan-

379 2223 540 2286 dum
609 2222 700 2287 Ol.
767 2223 1130 2310 Gronovio,
1186 2226 1287 2310 qui
1339 2232 1398 2290 et
1449 2247 1589 2288 cum
1638 2225 1840 2288 isthoc
1891 2224 2159 2288 carmine
2210 2223 2289 2286 ad
2340 2244 2441 2287 me

383 2343 580 2428 adiit,
654 2341 840 2430 idque
913 2346 1250 2430 praelegit,
1333 2351 1397 2408 ut
1447 2345 1527 2408 ad
1578 2345 1713 2428 ejus
1766 2351 2207 2428 argumentum
2248 2349 2440 2406 atten-
2552 2331 2558 2338 ’

385 2461 642 2547 (ierem,
697 2469 758 2528 et
807 2485 882 2527 an
934 2466 1161 2529 vellem
1209 2465 1298 2528 ita
1345 2463 1483 2548 edi,
1541 2463 1705 2550 quod
1758 2465 1835 2528 de
1886 2484 1985 2528 me
2026 2464 2435 2549 compositum

391 2588 544 2646 erat.
647 2582 796 2646 Post
841 2584 949 2646 illa
999 2585 1151 2647 mihi
1202 2583 1413 2647 datum
1467 2591 1561 2647 est
1609 2605 1647 2648 a
1696 2583 1949 2667 Jensi0‚
2004 2591 2069 2646 ut
2102 2583 2442 2667 subjicere-

389 2709 493 2765 tur
543 2701 822 2766 Orationi
873 2725 1049 2768 meae
1079 2705 1149 2790 4),
1187 2724 1302 2767 nec
1339 2725 1456 2788 ego
1493 2709 1635 2767 tunc
1670 2703 1889 2788 repetii
1924 2703 2059 2786 ejus
2086 2701 2439 2796 lectionem,

393 2821 536 2884 aliis
610 2823 839 2908 quippe
912 2823 999 2886 sic
1073 2824 1220 2886 satis
1273 2832 1647 2911 occupatuS,
1703 2822 1846 2908 quia
1895 2823 2263 2886 sententiam
2314 2842 2447 2886 car-

394 2939 576 3003 minis
642 2942 778 3024 jam
838 2950 1020 3006 antea
1087 2943 1452 3007 audiveram
1496 2949 1557 3008 et
1603 2943 2072 3026 intellexeram3
2125 2943 2187 3005 in
2239 2942 2433 3038 offici-

395 3079 541 3121 nam
615 3081 760 3124 vero
813 3082 951 3125 cum
1003 3059 1286 3156 daretur,
1342 3037 1688 3128 correctum.
1735 3070 1827 3127 est
1877 3063 1956 3127 ab
2009 3063 2147 3150 ipso
2202 3061 2436 3126 Jensio.

502 3220 542 3295 ¹)
628 3223 897 3282 «Ioannes
928 3225 966 3282 J
970 3225 1202 3299 ensiuS,
1234 3230 1410 3283 natus
1435 3225 1650 3302 Hagae
1677 3224 1997 3298 Comitum,
2018 3241 2261 3300 operam
2287 3221 2455 3282 dedit
2545 3211 2554 3219 ’

399 3307 622 3366 litteris
689 3309 998 3386 Lugduni,
1081 3311 1156 3368 ab
1213 3329 1371 3369 anno
1425 3311 1586 3368 1694
1634 3309 1709 3367 ad
1765 3311 1923 3367 1697
1972 3312 2287 3366 conrector
2341 3308 2455 3368 fuit

401 3395 718 3470 Gymnasii
760 3394 1228 3470 Dordrechtani,
1278 3415 1330 3453 a.
1381 3397 1540 3453 1697
1573 3396 1788 3472 Hagae
1820 3393 2152 3469 Comitum,
2199 3412 2251 3451 a.
2292 3395 2450 3450 1700

399 3479 628 3538 Rector
690 3479 1012 3555 Dordraci,
1080 3487 1214 3558 post
1277 3481 1687 3539 Roterodami.
1776 3481 1969 3538 Multa
2034 3497 2219 3556 opera
2272 3484 2455 3554 atque

404 3565 680 3623 carmina
723 3561 941 3625 Latina
987 3565 1192 3627 edidit.
1286 3565 1452 3625 Obiit
1500 3585 1551 3624 a.
1606 3567 1785 3624 1753.

497 3646 546 3724 2)
590 3651 832 3709 Jensius
867 3652 1212 3728 epistolam,
1238 3671 1417 3727 quam
1442 3650 1608 3710 dedit
1634 3651 1891 3709 Francio
1917 3650 1970 3708 d.
1998 3650 2167 3706 VIII.
2194 3649 2454 3708 Kalend.

406 3735 652 3794 Octobr.
720 3736 1138 3809 MDOXOIII,
1203 3737 1372 3814 prelo
1419 3737 1731 3796 mandavit
1774 3737 1835 3793 in
1884 3735 2121 3811 libello,
2170 3735 2266 3793 cui
2310 3736 2455 3794 titu-

401 3823 529 3879 lus:
591 3823 854 3880 Joannis
900 3823 1101 3882 ‹Iens'ii
1145 3823 1511 3880 Justissima
1562 3823 1819 3893 Querela
1870 3864 2197 3878 ......
2249 3821 2455 3880 Dord·
2508 3893 2517 3902 ,

407 3907 598 3964 rechti
645 3951 656 3964 .
709 3952 720 3964 .
774 3954 783 3964 .
837 3952 847 3964 .
904 3911 1103 3983 1696,
1150 3927 1287 3985 pag.
1341 3910 1435 3965 10.

502 3988 549 4065 3)
637 3993 808 4050 Hanc
878 3995 954 4052 ob
1002 4013 1128 4051 rem
1175 3994 1470 4050 acerrima
1514 3993 1651 4050 rixa
1693 3991 1995 4050 Perizonii
2041 3996 2223 4067 atque
2268 3991 2460 4049 Jensii

409 4089 566 4134 cum‘
605 4079 860 4136 Francio
925 4079 1058 4138 fuit.
1141 4079 1212 4135 A.
1288 4081 1446 4136 1696
1518 4079 1608 4135 illi
1674 4077 1788 4135 viri
1855 4077 2016 4136 docti
2078 4077 2284 4134 decem
2329 4077 2459 4136 fere

407 4163 648 4221 libellos
704 4165 764 4221 in
814 4165 1006 4222 lucem
1063 4165 1424 4239 emiserunt,
1471 4163 1533 4220 in
1580 4164 1797 4239 quibus
1840 4182 1905 4220 se
1949 4157 2209 4222 invicem
2257 4164 2457 4220 convi-

411 4248 519 4306 ciis
563 4250 890 4308 consectati
936 4256 1093 4308 sunt.

502 4331 550 4406 4)
638 4335 742 4394 Est
807 4336 1001 4393 oratio
1069 4354 1104 4392 a
1170 4333 1485 4392 Perizonio
1532 4333 1747 4392 habita
1791 4352 1843 4390 a.
1897 4336 2095 4407 1693,
2146 4351 2279 4390 cum
2322 4351 2457 4409 pro-

412 4419 732 4477 fessionem
798 4421 1232 4491 Historiarum,
1301 4420 1579 4497 Linguae
1633 4420 1903 4477 Graecae
1950 4424 2009 4478 et
2055 4417 2455 4494 Eloquentiae

410 4505 477 4564 in
519 4504 846 4564 Academia
889 4505 1285 4584 Lugdunensi
1329 4506 1679 4582 susciperet.
