2975 5209
1291 523 1376 585 69

297 718 449 781 simi
495 716 806 781 Electoris
849 713 1374 799 Brandeburgici)
1410 714 1783 799 scripturum
1822 734 1899 787 se,
1923 711 2074 775 mihi
2109 712 2367 775 simulac

299 835 696 921 Trajectum'
743 840 1016 899 vestrum
1090 832 1400 917 venisset3
1477 853 1677 919 neque
1754 837 1961 896 tamen
2036 832 2364 918 quicquam
2416 815 2419 824 ¹

295 955 603 1019 hactenus
652 953 731 1017 ab
782 954 912 1016 illo.
966 952 1068 1017 De
1113 952 1385 1017 schediis
1412 953 1472 1017 in
1500 952 1896 1039 Propertium
1924 952 2077 1016 nihil
2106 972 2360 1037 mone03

304 1072 699 1139 commodius
751 1072 828 1137 de
877 1072 952 1136 iis
990 1094 1248 1158 agemus
1286 1094 1514 1137 coram.
1561 1064 1775 1159 Vale,
1828 1072 1942 1136 Vir
1982 1072 2359 1157 Clarissimo,

303 1215 452 1257 cum
501 1215 697 1258 uxore
747 1214 819 1257 ac
867 1193 1080 1257 liberis
1133 1194 1525 1278 lectissimis,
1582 1201 1641 1257 et
1680 1214 1820 1277 me,
1878 1192 2044 1278 quod
2070 1198 2131 1257 te
2155 1191 2362 1257 facere

306 1314 605 1401 gaudeo,
657 1335 868 1379 amare
916 1334 1130 1401 perge.
1231 1312 1511 1377 Salutem
1563 1336 1599 1377 a
1646 1321 1857 1377 nostro
1906 1312 2193 1377 Franoio.

404 1432 884 1498 Amstelodami.
955 1435 1041 1499 20
1093 1432 1396 1497 Februar.
1457 1434 1653 1497 1689.

1363 1594 1541 1613 ΝΜ

1216 1657 1453 1763 Lvm.

889 1952 899 1958 .
945 1867 1136 1932 loanni
1183 1866 1430 1949 Goorqlo
1479 1866 1721 1931 Graevio

1031 1978 1200 2041 lanus
1246 1976 1648 2042 Broukhusiua

404 2144 815 2209 Laetissimus
877 2145 984 2209 ille
1033 2114 1328 2230 nuncius,
1383 2145 1482 2230 qui
1538 2142 1615 2208 de
1666 2152 1847 2229 capta
1896 2142 2157 2207 Colonia
2204 2138 2358 2206 Tra-

295 2265 454 2350 jana
497 2265 537 2349 ¹)
617 2265 752 2329 heri
827 2286 1006 2329 aures
1058 2260 1419 2350 animosque
1471 2264 1745 2328 omnium
1793 2262 2043 2349 publica
2089 2261 2360 2349 perfudit

304 2383 580 2469 laetitia,
658 2404 759 2447 me
833 2404 1078 2469 quoque
1150 2405 1270 2448 non
1334 2384 1553 2449 leviter
1600 2384 1903 2471 perculit,
1953 2382 2039 2446 mi
2090 2380 2353 2467 Graevi,

306 2502 427 2566 etsi
497 2503 828 2587 langueam
877 2502 1170 2566 nonnihil.
1245 2502 1480 2589 Scripsi
1532 2503 1717 2587 igitur
1766 2502 2151 2589 epigramma
2191 2502 2358 2587 quod

303 2620 480 2685 vides
517 2623 587 2707 Ξ),
663 2622 998 2707 scripturus
1071 2621 1336 2687 fortasse
1411 2622 1863 2706 longiusculum
1922 2626 2185 2707 poema,
2240 2621 2358 2685 nisi

305 2747 370 2805 et
442 2742 870 2828 oportunitatis
952 2763 1025 2806 ac
1099 2742 1432 2807 coleritatis
1506 2742 1769 2827 gratiam
1844 2762 2217 2829 aucuparer‚
2296 2749 2357 2807 et

302 2860 508 2925 minus
573 2882 774 2927 essem
849 2862 1027 2947 agilis
1095 2862 1176 2926 ob
1245 2883 1421 2947 eum,
1514 2882 1699 2948 quem
1750 2859 1919 2944 dixi,
1970 2863 2383 2956 languorem.-

301 2980 379 3045 Id
428 3002 614 3067 porro
663 2982 906 3067 ipsum,
961 2981 1124 3068 quod
1175 2981 1426 3068 scripsi,
1481 2983 1759 3067 (ignosce
1800 2966 2098 3047 audaciae
2145 2983 2351 3046 incon-

301 3102 542 3185 sultae,
617 3101 714 3165 cui
781 3107 986 3166 tamen
1059 3106 1122 3164 tu
1172 3102 1306 3187 ipse
1355 3122 1601 3188 semper
1648 3101 1877 3186 favisti)
1928 3102 2136 3166 offerri
2186 3124 2351 3167 sum-

301 3240 562 3305 mopere
665 3241 957 3307 cuperem
1059 3220 1603 3287 Excellentissimo
1673 3220 2149 3286 Dankelmanno
2220 3222 2350 3285 sive

301 3340 572 3426 eleganti
645 3362 832 3405 manu
905 3348 1263 3426 exaratum,
1343 3342 1506 3425 sive,
1543 3419 1551 3426 ,
1590 3340 1756 3427 quod
1836 3341 2123 3424 mallem,
2187 3340 2350 3426 typis

303 3460 701 3547 descriptum.
805 3460 969 3534 Quid
1018 3462 1151 3526 fieri
1184 3462 1375 3546 velis,
1431 3461 1657 3547 quidve
1697 3481 1817 3524 non
1854 3461 2036 3545 velie,
2094 3460 2181 3523 tui
2216 3468 2350 3526 esto

299 3580 557 3645 arbitrii.
659 3578 728 3644 Si
821 3564 1302 3666 imprimendum
1400 3579 1725 3661 censebis,
1819 3578 2141 3643 refundam
2192 3600 2349 3664 ⁴ego

297 3700 572 3764 Halmae
609 3701 656 3784 ³)
730 3700 898 3786 quod
945 3699 1249 3764 subducta
1297 3700 1538 3764 ratione
1574 3699 1709 3769 ,sibi
1762 3697 1979 3764 deberi
2023 3698 2350 3783 judicabit.

287 3816 466 3883 Illud
539 3818 718 3884 unice
794 3841 944 3902 or0,
1021 3826 1125 3905 ut,
1203 3818 1493 3905 quiequid
1560 3818 1915 3883 faciundum
1966 3818 2347 3903 decreveris,

296 3938 409 4002 fiat
456 3936 714 4003 mature.
813 3937 1070 4026 Alioqui
1119 3960 1318 4025 neque
1361 3939 1502 4025 ipsa
1536 3938 1997 4001 transmissione
2032 3938 2145 4001 erit
2170 3959 2347 4024 opus,

567 4062 706 4069 ὴ.--..-

404 4110 444 4181 “)
535 4110 691 4167 Urbs
743 4110 1286 4183 „Kaiserswerth,”
1334 4128 1515 4185 quam
1562 4110 1720 4167 Galli
1765 4114 2241 4185 occu-paverant,
2274 4110 2350 4167 ab

295 4195 585 4254 Electore
651 4195 1148 4271 Brandeburgico
1217 4202 1394 4271 capta
1439 4200 1529 4253 est
1577 4196 1630 4251 d.
1681 4194 1861 4252 XXV
1905 4195 2127 4252 mensis
2170 4194 2349 4252 Iunii.

389 4284 436 4353 2)
536 4281 643 4339 Est
689 4300 959 4339 carmen:
1008 4280 1081 4337 In
1129 4280 1451 4338 Nummum
1500 4300 1535 4337 a
1568 4280 1811 4339 Joamze
1842 4281 2164 4339 Frederico
2196 4279 2347 4337 Cra-

291 4384 464 4425 mero
514 4368 915 4442 explicatum,
963 4367 1136 4440 cuju-s
1185 4366 1541 4441 epiyraphe:
1580 4364 1776 4442 Copta
1810 4364 2098 4424 Caesaris
2130 4365 2351 4423 Insula

294 4452 568 4529 (Pom,
615 4472 751 4529 pag.
804 4453 949 4526 360)
1037 4450 1444 4527 Compositum
1512 4458 1601 4511 est
1668 4452 1723 4508 d.
1791 4451 2067 4509 XXVIII
2097 4452 2286 4510 Junii.

368 4533 446 4612 .³)
535 4538 628 4597 De
672 4538 993 4616 Francisco
1039 4536 1260 4596 Halma
1301 4536 1440 4597 vido
1485 4536 1558 4596 ad
1605 4538 1790 4617 Epist,
1843 4540 1981 4597 119.
