2975 5209
1552 471 1637 532 96

504 659 512 675 ⁸
571 665 756 730 Dion.
809 665 1117 729 Lambino
1163 667 1220 748 ¹).
1294 664 1382 727 At
1407 665 1505 729 cui
1542 665 1706 734 viro!
1783 662 1944 726 Nam
1978 665 2040 726 in
2079 645 2470 748 expositione
2497 661 2622 724 loci

573 784 900 850 Horatiani
994 783 1139 848 dicit
1224 783 1613 849 Macrobium
1701 784 1982 868 proferre
2078 783 2313 865 aliquot
2404 801 2623 845 versus

575 901 772 968 Furii
849 903 1184 987 Bibaculi,
1263 925 1414 989 quos
1482 903 1784 988 Virgilius
1861 904 1937 966 sit
1998 902 2319 982 imitatus,
2395 899 2627 964 Confer

575 1044 732 1087 nunc
793 1021 1179 1088 Macrobium
1243 1024 1486 1108 ipsum,
1556 1030 1617 1086 et
1682 1023 1999 1108 utriusque
2065 1021 2273 1104 Furii,
2346 1019 2621 1083 Antiatis

575 1163 648 1206 ac
695 1143 1009 1220 Bibaculi,
1062 1152 1362 1229 tempora.
1419 1142 1683 1227 Gyraldi
1716 1145 1766 1225 2)
1820 1163 2091 1208 errorem
2120 1162 2240 1206 non
2264 1140 2616 1204 absimilem

573 1261 786 1326 videre
809 1263 1041 1346 poteris
1063 1264 1230 1348 apud
1245 1261 1623 1347 Vossiumss),
1648 1262 1721 1325 L.
1754 1266 1811 1346 1,
1839 1261 1916 1326 de
1934 1263 2173 1326 Histor.
2196 1261 2419 1345 Latin,
2444 1281 2495 1323 c.
2514 1262 2538 1322 1
2560 1261 2619 1322 2.

576 1381 827 1467 Reliqui
859 1403 1099 1465 verSUS,
1140 1382 1242 1469 qui
1279 1384 1444 1468 apud
1477 1380 1776 1445 Vossium
1800 1383 2251 1468 producuntur,
2282 1387 2423 1444 sunt
2448 1380 2626 1443 Furii

576 1499 873 1586 Antiatis,
937 1503 1087 1566 citra
1135 1523 1383 1566 omnem
1435 1503 1938 1566 controversiam.
2040 1501 2331 1565 Bibaculi
2382 1505 2629 1564 exstant

579 1620 700 1684 duo
770 1621 1218 1706 epigrammata
1289 1622 1455 1706 apud
1518 1621 1883 1686 Suetonium
1933 1622 1992 1684 in
2041 1620 2297 1685 Valerio
2349 1619 2621 1704 Catone,

577 1761 724 1804 sane
773 1740 938 1806 bona
987 1749 1046 1805 et
1093 1741 1308 1806 Musae
1358 1764 1501 1807 vere
1552 1742 1903 1806 Romanae:
1976 1761 2133 1827 quae
2176 1740 2322 1823 jure
2372 1739 2614 1802 mireris

579 1859 873 1923 fefellisse
937 1859 1249 1924 Vossium.
1350 1861 1525 1925 Bene
1601 1868 1810 1924 autem
1873 1860 2030 1924 haec
2079 1859 2413 1923 Furiorum
2460 1858 2628 1943 frag-

582 1987 788 2044 menta
859 2003 972 2045 suo
1048 2002 1327 2066 quaeque
1401 1981 1639 2044 auctori
1717 1979 2017 2044 dederunt
2090 1979 2254 2043 Rob.
2312 1984 2373 2044 et
2421 1977 2620 2042 Henr.

499 2119 504 2130 ·
581 2099 882 2186 Stephani
917 2103 986 2184 4).
1087 2100 1307 2187 Neque
1380 2102 1557 2165 aliter
1625 2123 1661 2163 a
1732 2099 1959 2164 Vossio
2036 2099 2267 2163 factum
2318 2099 2625 2185 oportuit:

579 2221 691 2284 sed
767 2221 821 2284 ei
897 2242 1008 2284 sua
1076 2221 1372 2306 imposuit
1444 2221 1762 2284 memoria.
1861 2219 2021 2284 Vale
2070 2218 2184 2282 Vir
2233 2217 2630 2304 Clarissime,

582 2349 642 2404 et
689 2362 788 2405 me
840 2362 1048 2408 amare
1099 2362 1311 2427 perge.
1411 2340 1761 2404 Amstelod.
1818 2343 1903 2404 29
1958 2340 2125 2404 Junii
2181 2341 2379 2404 1692.

675 2459 774 2523 De
823 2459 1117 2524 Petronio
1153 2461 1521 2524 memineris
1572 2481 1826 2546 quaeso.

1400 2657 1810 2674 §tvvm-m

680 2862 722 2936 ¹)
810 2863 1130 2940 Dionysius
1210 2862 1538 2922 Lambinus
1626 2864 2121 2940 (1520—1572),
2199 2862 2443 2938 Gallus,
2522 2862 2629 2920 diu

579 2949 735 3008 vixit
812 2949 875 3006 in
937 2949 1148 3024 Italia,
1239 2949 1455 3007 deinde
1520 2951 1917 3027 profitebatur
1982 2950 2256 3026 linguam
2324 2950 2623 3008 Graecam

577 3035 876 3094 Lutetiae.
965 3035 1074 3092 Vir
1119 3035 1555 3094 eruditissimus
1601 3035 1789 3095 edidit
1834 3036 2187 3110 Horatium,
2236 3035 2629 3109 Ciceronem,

580 3119 966 3195 Lucretium,
1012 3120 1328 3194 Plautum,
1373 3120 1688 3197 Nepotem.

669 3204 718 3280 2)
805 3205 963 3262 Lilio
1011 3206 1300 3283 Gregorio
1329 3206 1560 3264 Giraldi
1586 3206 2079 3282 (1479—1552),
2105 3212 2283 3266 natus
2314 3205 2630 3279 Ferrarae,

581 3293 806 3352 amicus
872 3291 986 3350 fuit
1053 3292 1422 3350 Sannazarii.
1516 3291 1895 3350 Carminibus
1941 3291 2179 3350 Latinis
2224 3296 2408 3367 atque
2449 3290 2628 3348 libris

581 3378 656 3436 de
703 3377 1132 3454 archaeologia
1173 3396 1456 3454 magnam
1502 3378 1592 3435 sui
1635 3377 1859 3434 famam
1903 3377 2166 3453 reliquit.

671 3461 719 3538 3)
809 3463 1107 3521 Gerardus
1152 3463 1404 3521 Joannis
1447 3463 1695 3521 Vossius
1720 3462 2230 3538 (1577ffl1649),
2276 3467 2456 3521 natus
2480 3461 2628 3519 Hei-

581 3548 935 3626 delbergae,
995 3549 1212 3607 litteris
1257 3554 1440 3624 atque
1470 3549 1819 3625 theologiae
1851 3566 2095 3625 operam
2127 3547 2293 3606 dedit
2323 3545 2626 3624 Lugduni,

579 3635 694 3694 fuit
737 3635 958 3692 Rector
1002 3634 1296 3693 Dordraci
1343 3640 1403 3692 et
1445 3634 1711 3711 praefuit
1758 3633 2033 3710 Collegio
2066 3634 2435 3710 Theologico
2459 3632 2625 3710 Lug-

579 3721 742 3779 duni.
765 3721 838 3778 In
862 3720 1192 3778 Academia
1213 3719 1604 3796 Lugdunensi
1620 3719 2019 3796 profitebatur
2034 3719 2307 3796 linguam
2326 3719 2625 3777 Graecam

580 3811 763 3882 atque
835 3805 1150 3880 Latinam,
1211 3805 1426 3862 deinde
1477 3805 1759 3863 historias
1803 3805 1866 3862 in
1927 3805 2245 3863 Athenaeo
2292 3803 2633 3870 Amstelae÷

581 3892 869 3950 damensi.
958 3891 1293 3949 Permultos
1339 3891 1573 3967 scripsit
1617 3891 1820 3948 libros
1893 3891 1985 3948 De
2030 3891 2345 3948 historicis
2380 3890 2637 3948 Latinis

583 3978 732 4035 mm·
771 3977 868 4034 III
910 3977 1264 4054 prodierunt
1311 3995 1364 4032 a.
1418 3978 1614 4050 1627,
1660 3977 1878 4034 iterum
1926 3995 1979 4033 a.
2034 3977 2215 4034 1651.
2570 4049 2577 4058 ¹

671 4059 719 4137 ⁴)
807 4063 1105 4122 Robertus
1165 4061 1507 4139 Stephanus
1568 4062 2059 4137 (1503—1559),
2166 4060 2410 4135 Gallus,
2457 4066 2635 4138 typo-

581 4148 844 4226 graphus
909 4147 1024 4208 fuit
1087 4147 1403 4220 Lutetiae,
1473 4147 1689 4204 deinde
1758 4147 2059 4204 Genevae.
2107 4145 2179 4202 A.
2236 4149 2392 4203 1531
2444 4145 2640 4205 edidit

577 4236 830 4293 librum:
932 4235 1286 4292 leesaurus
1333 4234 1581 4308 linquae
1628 4235 1902 4290 Latinae.
1987 4233 2286 4290 Lutetiae.

665 4319 963 4378 Henricus
1029 4319 1368 4396 Stephanus
1437 4319 1931 4393 (1528—1598),
1997 4317 2251 4375 Roberti
2314 4315 2508 4389 filius,
2560 4322 2631 4376 ut
2718 4373 2723 4378 .

578 4413 754 4484 pater
817 4404 932 4464 fuit
998 4405 1410 4482 typographus
1471 4404 1739 4474 ,Multos
1801 4402 2155 4480 recognovit
2200 4407 2496 4461 auctores,
2546 4403 2624 4459 A.

587 4495 747 4552 1572
778 4493 842 4551 in
873 4491 1068 4550 lucem
1099 4489 1296 4549 emisit
1323 4490 1577 4548 librum:
1677 4490 2029 4548 Thesaurus
2061 4491 2307 4567 linquae
2340 4487 2657 4564 Graecae,
