2975 5209
553 1078 881 1219 JAM
927 986 1777 1264 BROUKHUSH
1825 1078 2593 1239 EPISTOLAE.

1533 1344 1561 1405 1
1590 1343 1650 1425 1).

1311 1534 1473 1614 (lano
1518 1532 1870 1600 Broukhuslo

1088 1645 1330 1709 loannes
1373 1645 1681 1709 Antonides
1728 1644 2097 1730 Goesanuffl).

647 1836 914 1923 Accepit
964 1838 1259 1923 epistolas
1309 1856 1369 1902 et
1418 1838 1691 1903 carmina
1738 1838 2119 1903 Broukhusii
2172 1849 2231 1904 et
2262 1842 2606 1925 gratulatur

571 1958 629 2022 ei
677 1958 898 2044 spiritu
945 1958 1210 2045 poetico.
1280 1957 1587 2023 Poemata
1634 1958 1797 2022 enim
1848 1966 1986 2022 sunt
2032 1959 2233 2023 faceta
2266 1969 2327 2025 et
2363 1968 2606 2026 senten-

567 2076 663 2139 tiis
703 2077 1036 2141 abundunt.
1136 2076 1657 2163 Amstelaedami,
1711 2078 1829 2142 a.d.
1881 2078 2110 2142 XXIX
2154 2079 2281 2144 Mai
2344 2083 2602 2169 16733).

1377 2248 1785 2267 mwoemwNJ-Noe.

657 2427 698 2502 ¹)
785 2428 1149 2506 Epistulam,
1210 2448 1365 2506 quae
1427 2435 1518 2490 est
1562 2429 1885 2489 vernacule
1930 2430 2181 2507 scripta,
2229 2430 2495 2507 reperias
2538 2430 2601 2487 in

563 2514 946 2575 Bibliotheca
991 2514 1398 2591 Lugdunensi.
2666 2574 2675 2580 .

655 2597 705 2673 2)
793 2600 911 2657 Jan
955 2601 1360 2675 Antheunisz,
1408 2606 1587 2659 natus
1633 2601 1689 2659 d.
1714 2601 1809 2659 ΙΙΙ
1856 2601 1980 2659 Mai
2030 2603 2187 2659 1647
2217 2602 2483 2675 Goesae,
2531 2601 2609 2658 ab

563 2686 712 2744 urbe
755 2686 954 2763 patria
983 2686 1100 2744 sibi
1131 2687 1381 2764 sumpsit
1412 2688 1745 2763 cog'nomen
1774 2687 1907 2745 Van
1941 2686 2046 2744 der
2078 2686 2252 2745 Goes.
2320 2688 2613 2745 Parentes

563 2772 976 2849 migraverunt
1036 2772 1589 2831 Amstelaedamum
1635 2778 1695 2831 et
1737 2791 1887 2849 puer
1932 2772 2197 2829 discendi
2226 2772 2400 2847 ludo,
2433 2790 2613 2849 quem

565 2858 957 2935 Gymnasium
1023 2864 1275 2933 vocant,
1342 2858 1603 2917 traditus
1670 2864 1780 2918 est.
1869 2859 2015 2917 Mox
2060 2858 2326 2918 carmina
2371 2876 2609 2935 compo-

565 2944 719 3017 suit,
767 2961 923 3019 quae
969 2945 1235 3003 omnium
1269 2944 1474 3024 oculos
1506 2944 1859 3021 animosque
1892 2944 1968 3002 ad
2000 2962 2136 3002 eum
2160 2949 2605 3003 converterunt.

565 3028 881 3087 Didericus
946 3029 1250 3107 Buysero,
1317 3031 1409 3088 vir
1466 3029 1730 3105 nobilis,
1784 3030 1890 3106 qui
1933 3030 2058 3107 ipse
2101 3030 2320 3089 litteris
2365 3040 2643 3108 operam·

566 3114 760 3189 dedit,
831 3133 1067 3174 omnem
1134 3115 1395 3193 lapidem
1460 3114 1676 3190 movit,
1745 3121 1810 3175 ut
1875 3115 2109 3174 iuvenis
2161 3116 2316 3175 tanti
2380 3114 2614 3192 ingenii

567 3200 906 3260 eruditione
986 3207 1170 3279 atque
1245 3201 1520 3261 doctrina
1586 3201 1887 3259 excellere
1953 3207 2170 3279 posset.
2274 3200 2611 3260 Antonides

567 3287 829 3345 Traiecti
861 3286 1069 3347 didicit
1099 3287 1460 3346 medicinam
1492 3292 1553 3346 et
1582 3288 1791 3347 doctor
1818 3287 2204 3346 renuntiatus
2236 3293 2354 3362 est,
2394 3285 2614 3345 deinde

567 3371 959 3431 Roterodami
1022 3374 1339 3433 habitavit.
1439 3374 1618 3431 Anno
1691 3375 1848 3431 1678
1920 3373 2255 3433 Susannam
2321 3374 2613 3431 Bormans

566 3476 822 3519 uxorem
883 3458 1091 3533 duxit3
1158 3460 1311 3519 obiit
1377 3458 1430 3516 d.
1499 3459 1715 3517 XVIII
1781 3458 2151 3536 Septembris
2201 3460 2380 3516 1684.
2471 3458 2614 3515 Eius

569 3544 839 3605 carmina
881 3546 1120 3623 saepius
1165 3551 1304 3605 sunt
1348 3544 1531 3603 edita.

652 3628 1070 3688 Broukhusius
1101 3635 1162 3688 et
1189 3630 1528 3689 Antonides
1558 3628 1687 3687 sinc
1718 3628 1899 3687 dubio
1929 3630 1991 3687 in
2026 3630 2351 3706 Gymnasio
2389 3629 2616 3687 Amste·

569 3714 941 3773 laedamensi
1015 3721 1451 3774 contraxerunt
1524 3715 1875 3789 amicitiam,
1948 3734 2147 3793 neque
2212 3734 2480 3793 unquam
2546 3733 2611 3772 se

570 3820 773 3860 amare
811 3801 1136 3859 desierunt.
1230 3800 1403 3869 Quod
1435 3819 1554 3858 non
1589 3806 1825 3859 tantum
1859 3807 2111 3879 apparet
2142 3820 2219 3859 ex
2250 3801 2363 3859 hac
2395 3800 2614 3877 episto-

570 3887 648 3963 la,
706 3885 810 3945 sed
861 3887 1043 3946 etiam
1089 3905 1121 3945 e
1168 3886 1534 3945 carminibus
1578 3886 1936 3962 quibusdam
1967 3876 2365 3961 Broukhusii,
2398 3886 2617 3964 quibus

570 3974 825 4033 amicum
870 3973 1198 4049 alloquitur
1243 3972 1444 4048 (videz
1495 3972 1723 4045 Poem,
1769 3992 1905 4050 pig.
1959 3974 2113 4046 422,
2162 3974 2328 4046 429).

655 4060 748 4118 De
793 4060 1061 4133 actione,
1111 4077 1288 4135 quam
1327 4057 1515 4116 vidua
1564 4058 1885 4119 Antonidis
1915 4058 2295 4116 Broukhusio
2316 4056 2616 4131 intendit,

569 4152 780 4224 postea
823 4144 1174 4204 videbimus.

661 4227 709 4304 ³)
797 4230 1069 4308 Epistola
1125 4229 1450 4289 Antonidis
1508 4230 1689 4287 missa
1747 4234 1836 4288 est
1902 4228 1976 4286 ad
2022 4248 2243 4307 pagum
2290 4226 2610 4287 Vreeland.

570 4316 707 4374 Illic
750 4317 819 4374 B.
867 4316 1201 4393 composuit
1245 4334 1519 4375 carmen:
1569 4314 1853 4388 Corydon
1901 4316 2147 4391 Ecloya.
2190 4315 2292 4373 Ad
2316 4314 2618 4373 Joannem

575 4402 814 4460 Siccium
881 4402 1054 4479 Reip.
1125 4402 1747 4461 Amstelaedamensis
1814 4401 2094 4459 Judicem
2165 4402 2424 4477 (Poena,
2477 4418 2614 4477 pag.

580 4488 756 4564 191),
787 4493 854 4549 ut
897 4493 1150 4567 apparet
1195 4506 1229 4547 e
1273 4488 1393 4547 MS.
1441 4506 1625 4566 supra
1668 4486 1933 4547 laudate.
2601 4523 2605 4527 -
2674 4479 2703 4493 ³
