2975 5209
1561 446 1647 513 48

581 644 706 712 niet
753 652 920 712 most
967 666 1244 733 zwygen.
1277 672 1292 691 κ
1319 647 1536 711 Prima
1568 648 1815 733 syllaba
1842 649 1902 711 in
1936 647 2214 713 Gratiae
2236 647 2641 734 producimr:

579 772 644 830 tu
713 768 986 854 corripis.
1085 766 1211 832 Pro
1263 775 1620 832 monstroso
1670 768 1934 852 robore,
2020 769 2276 833 mallem
2325 770 2637 851 immani,

579 890 696 953 nisi
745 896 808 953 tu
858 889 1156 953 dissentis.
1233 888 1359 953 Pro
1413 888 1788 973 Hyrcanis,
1840 888 2221 974 Hercynii3‚
2276 896 2383 952 aut
2428 888 2641 951 simile

577 1009 739 1097 quid.
813 1008 942 1073 Ista
990 1010 1150 1073 enim
1200 1009 1402 1094 regio,
1455 1016 1671 1094 utpote
1724 1009 2012 1093 deserta,
2066 1009 2325 1093 inculta,
2380 1008 2639 1093 tigrium

575 1129 1058 1216 immaniumque
1106 1128 1373 1193 ferarum
1424 1129 1661 1213 nutrix,
1714 1130 1920 1193 nescio
1974 1130 2120 1215 quid
2157 1129 2407 1193 terroris
2440 1128 2639 1191 habet

579 1255 640 1312 et
712 1248 882 1312 dirae
950 1248 1253 1333 imaginis,
1356 1248 1482 1313 Sed
1535 1270 1792 1334 parvum
1843 1249 1965 1313 hoc
2014 1256 2109 1313 est
2160 1255 2221 1312 et
2268 1250 2426 1313 leve.
2528 1232 2637 1311 De

578 1390 730 1434 voce
758 1370 1083 1454 utrobique
1107 1370 1258 1433 nihil
1287 1370 1434 1433 mihi
1461 1376 1727 1454 constat,
1778 1390 1893 1433 nec
1920 1369 2221 1433 succurrit
2245 1369 2628 1454 exemplum.
2737 1401 2751 1405 -

577 1488 678 1553 An
752 1490 914 1554 tibi?
993 1487 1240 1554 Nulliba·
1297 1511 1418 1553 non
1476 1497 1569 1553 est
1618 1510 1742 1553 vox
1791 1489 2097 1553 Romana.
2200 1489 2364 1553 Inde
2411 1489 2637 1553 videre

576 1612 897 1698 plebejum
963 1612 1222 1677 videtur.
1322 1612 1539 1676 Prima
1595 1613 1654 1675 in
1698 1613 2055 1696 pubescens
2104 1614 2367 1700 produci
2419 1613 2628 1677 debet.

578 1734 772 1800 Vides
819 1735 1262 1820 ingenuitatem
1311 1755 1513 1799 meam
1541 1784 1557 1811 ‚
1616 1734 1703 1796 mi
1751 1733 1973 1818 frater,
2030 1742 2090 1797 et
2136 1735 2423 1819 ignosces
2473 1734 2624 1797 scio.

576 1855 677 1921 De
725 1856 972 1921 Francii
1018 1862 1332 1941 postrema
1383 1855 1505 1919 oda
1539 1855 1687 1918 nihil
1720 1876 1975 1941 possum
2009 1855 2309 1941 polliceri.
2374 1854 2629 1918 Videbo

575 1985 776 2043 tamen
849 1999 925 2041 an
995 1978 1250 2065 possim.
1359 1976 1801 2062 Imprimuntur
1843 1996 2090 2049 *omnes
2167 1981 2429 2061 quatuor
2499 1996 2628 2038 uno

575 2098 884 2163 volumine
947 2099 1004 2161 in
1075 2103 1331 2181 oetam,
1409 2116 1547 2161 cum
1599 2096 1827 2160 notulis
1878 2095 2223 2179 nonnullis,
2302 2096 2414 2160 sed
2464 2116 2628 2181 quae

565 2218 873 2303 juventuti
947 2222 1007 2282 ct
1053 2215 1442 2303 philosophis
1492 2214 1876 2299 scribuntur,
1930 2237 2049 2280 nou
2100 2215 2299 2279 nobis.
2400 2215 2474 2278 Id
2515 2215 2627 2279 ubi

573 2334 652 2400 ad
723 2335 1082 2399 umbilicum
1147 2332 1513 2421 perductum
1581 2334 1799 2419 fuerit,
1874 2320 2099 2399 faciam
2150 2356 2227 2399 ne
2278 2318 2655 2420 queramini‘

574 2455 652 2520 de
700 2455 948 2519 raritate
999 2454 1464 2546 exemplet-ium.
1544 2454 1701 2519 Tres
1752 2461 1986 2519 tantum
2038 2462 2146 2519 aut
2194 2463 2457 2541 quatuor
2490 2456 2627 2521 dies

575 2580 870 2660 expecta:
934 2573 1214 2638 habebis.
1318 2572 1428 2637 Uw
1481 2573 1633 2638 Eds.
1690 2574 1893 2638 ziekte
1944 2574 2111 2660 hoop
2162 2574 2227 2638 ik
2278 2575 2383 2638 dat
2431 2596 2513 2638 nu
2564 2575 2628 2637 al

573 2700 936 2780 gepasseert
983 2694 1077 2757 zal
1129 2716 1274 2780 zyn,
1329 2714 1402 2758 en
1454 2695 1769 2759 verwacht
1804 2671 1954 2759 ἄξιαι*
1990 2696 2068 2759 de
2110 2695 2446 2760 zekerheid
2482 2716 2617 2758 van.

571 2813 647 2877 Ik
712 2813 866 2897 ben,
945 2812 1086 2877 God
1156 2814 1361 2898 dank,
1442 2816 1603 2880 noch
1652 2816 1759 2879 fris
1812 2836 1885 2879 en
1938 2816 2093 2900 wel,
2175 2822 2340 2879 want
2386 2814 2451 2878 ik
2500 2836 2627 2898 gaa
2748 2889 2751 2891 v

573 2940 763 3019 nooyt
847 2954 1018 2998 meer
1102 2940 1163 2998 te
1245 2941 1399 3019 gast.
1499 2934 1575 2997 Ik
1649 2937 2156 3001 recommandeer
2226 2957 2334 3021 my
2405 2937 2463 2999 in
2542 2936 2625 2999 de

572 3055 772 3139 goede
844 3053 1190 3140 gedachtcn
1261 3076 1375 3118 van
1446 3054 1697 3120 Heeren
1760 3055 1859 3119 De
1908 3056 2084 3119 Haas
2127 3060 2167 3136 1)
2220 3077 2291 3119 en
2342 3055 2627 3119 Pletten-

572 3175 758 3265 buijg,
812 3177 1029 3261 terwyl
1077 3162 1143 3239 ii<
1193 3183 1320 3242 met
1367 3177 1428 3239 al
1475 3198 1622 3262 myn
1672 3176 1812 3240 hart
1860 3175 1956 3239 zal
2005 3176 2278 3262 blyven,

1115 3294 1456 3382 Monsienr,
1510 3317 1654 3360 mon
1704 3296 1852 3361 cher
1899 3296 2095 3381 frere,

1117 3416 1310 3481 Votre
1359 3424 1480 3481 tres
1533 3416 1787 3480 humble
1836 3416 2137 3481 servitem*

1485 3536 1645 3601 Joan
1694 3534 1831 3600 Van
1880 3534 2334 3601 Broekhuizen.

669 3653 1086 3719 Amsterdam.
1163 3627 1238 3719 17
1298 3655 1449 3720 Julii
1505 3657 1701 3719 1687.

675 4472 716 4548 1)
803 4474 1025 4533 Hasius
1069 4476 1319 4553 signifer
1363 4480 1493 4535 erat
1537 4480 1597 4534 et
1641 4475 1868 4533 amicus
1908 4476 2292 4535 Broukhusii.
