2975 5209
1403 517 1493 584 29

517 718 828 784 Rorantes
875 718 1034 783 inter
1081 716 1305 782 calices
1351 716 1683 804 fumosque
1730 714 2033 779 salubres,

605 836 730 901 Hic
768 858 884 923 ego
936 837 1228 923 Pelides,
1281 837 1386 901 hic
1430 836 1599 904 ferus
1648 835 1887 900 Hector
1936 854 2064 899 ero,

509 956 616 1021 Sic
666 955 949 1022 Thetidis
997 955 1269 1022 referunt
1316 957 1647 1021 lacrimosa
1695 956 1778 1020 ad
1826 955 2143 1040 Pergama
2191 958 2405 1017 natum

608 1075 810 1141 Omne
865 1078 1101 1141 malum
1151 1076 1316 1142 dulci
1365 1097 1559 1162 saepe
1608 1077 1852 1141 levasse
1899 1073 2144 1139 mer0.’'

468 1195 824 1261 .Montibus
877 1196 1276 1283 Harmoniae,
1333 1202 1373 1261 4
1426 1196 1599 1262 Junii
1652 1177 1851 1261 1678.
2120 1178 2127 1182 ⁹

1239 1332 1355 1349 VWW

1343 1401 1526 1467 XIX.

1049 1518 1238 1584 loanni
1284 1517 1531 1601 Georgia
1577 1516 1818 1582 Graevlo

1141 1604 1310 1669 lanus
1355 1603 1759 1668 Broukhusius.

1548 1332 1651 1349 W.»-

515 1733 754 1800 Morem
799 1736 968 1821 gessi
1018 1734 1328 1815 desiderio
1362 1742 1503 1820 tuo,
1554 1735 1669 1799 Vir
1702 1734 2087 1820 Clarissime,
2139 1734 2460 1820 habesque

417 1854 527 1920 hic
559 1855 824 1940 elegiam
868 1857 909 1939 ¹)
959 1855 1040 1919 ad
1070 1856 1524 1942 praescriptum
1560 1862 1729 1920 tuum
1765 1853 2078 1921 edolatam
2099 1904 2118 1936 ,
2172 1860 2468 1943 quantum

421 1971 674 2061 quidem
740 1974 948 2041 facere
1005 1976 1196 2063 potui.
1297 1974 1507 2041 Crevit
1555 1977 1664 2041 illa
1711 1976 1825 2041 sub
1877 1997 2065 2041 manu
2115 1981 2175 2040 et
2224 1974 2468 2059 longior

417 2094 586 2159 facta
627 2100 724 2159 est
772 2116 957 2181 quam
989 2096 1257 2160 vellem:
1309 2096 1376 2161 id
1407 2102 1615 2161 tamen
1648 2118 1765 2161 non
1796 2115 1979 2182 spero
2008 2095 2064 2159 ei
2090 2094 2466 2177 obfuturum,
2559 2158 2589 2171 ,„

417 2214 610 2279 modo
657 2215 1001 2302 perspicias
1050 2216 1288 2279 consilii
1335 2216 1459 2281 mei
1506 2216 1828 2280 rationem.
1930 2214 2137 2279 Tuum
2186 2214 2331 2299 erit,
2384 2213 2472 2277 mi

422 2332 695 2419 Graevi,
760 2314 972 2399 videre
1022 2356 1166 2398 num
1218 2335 1306 2399 sic
1351 2335 1504 2399 satis
1554 2335 1675 2399 sibi
1724 2341 1996 2420 constet,
2050 2340 2112 2400 et
2162 2333 2349 2419 digna
2399 2334 2477 2398 sit

421 2474 583 2539 quae
631 2453 1014 2539 amplissimo
1066 2452 1318 2519 Consuli
1371 2453 1685 2542 offeratur.
1786 2453 1854 2519 Si
1904 2453 2049 2541 quid
2098 2450 2462 2519 mutandum

420 2571 742 2657 censebis,
798 2575 926 2656 (tuo
980 2573 1142 2638 enim
1184 2573 1424 2659 judicio
1475 2596 1606 2642 rem
1658 2595 1906 2640 omnem
1956 2574 2301 2659 committo)
2336 2572 2469 2659 fac,

420 2691 686 2777 amabo,
739 2698 807 2756 ut
855 2692 1032 2757 siam.
1132 2691 1416 2778 Adjunxi
1467 2694 1857 2781 epigramma
1904 2694 1987 2759 ad
2020 2693 2372 2760 Servatium
2396 2672 2509 2779 ²)‚‘
2594 2734 2601 2740 -

297 2821 306 2829 '
420 2810 596 2898 quod
626 2811 778 2895 mihi
811 2812 1060 2899 quidem
1097 2814 1190 2897 (ut
1223 2819 1285 2878 et
1307 2814 1625 2900 ipse·mihi
1648 2811 1955 2900 blandiar)
1984 2836 2104 2879 non
2135 2815 2478 2902 pessimum

420 2930 686 2996 videtur.
786 2930 1032 2997 Centies
1105 2932 1291 2997 credo
1364 2932 1562 3018 relegi
1632 2939 1980 3020 postremas
2041 2939 2179 2999 tuas
2226 2934 2476 3019 literas,

424 3058 491 3116 et
561 3052 772 3136 relego
848 3052 1186 3117 etiamnum
1254 3052 1563 3141 quotidie:
1640 3074 1756 3118 nec
1821 3059 2059 3119 tantum
2109 3075 2209 3118 me
2260 3054 2478 3119 laudes

424 3191 610 3236 meae
658 3172 836 3259 (quas
882 3172 1000 3237 tibi
1033 3193 1207 3239 amor
1250 3174 1593 3259 suggessit,
1646 3194 1767 3238 non
1787 3173 2119 3259 judicium)
2148 3172 2475 3259 delectant,

425 3296 725 3378 quantum
796 3312 943 3378 spes
1012 3293 1122 3358 illa
1184 3314 1369 3379 quam
1431 3293 1584 3359 facis
1641 3293 1973 3376 mutandae
2032 3291 2367 3379 aliquando
2417 3294 2477 3356 in

420 3411 650 3511 melius
717 3392 1102 3477 conditionis.
1201 3412 1287 3478 Vt
1334 3434 1483 3479 vero
1533 3413 1765 3499 fatear,
1845 3412 2059 3478 taedet
2107 3434 2206 3477 me
2258 3419 2319 3477 et
2370 3412 2475 3477 diu

422 3529 665 3594 taeduit
725 3530 912 3617 hujus
972 3532 1161 3618 vitae,
1239 3532 1346 3597 ubi
1397 3554 1511 3597 nec
1558 3532 1866 3597 bonorum
1915 3532 2044 3597 ulla
2092 3532 2289 3617 ratio,
2369 3552 2483 3597 nec

425 3650 704 3715 honestis
753 3651 986 3716 artibus
1033 3652 1196 3717 ullus
1245 3653 1419 3718 locus
1471 3658 1582 3717 est.
1671 3651 1879 3717 Pudet
1926 3651 2132 3717 dicere
2183 3672 2341 3739 quae
2379 3652 2481 3716 via

426 3769 512 3833 sit
585 3768 854 3834 enitendi
922 3770 1002 3835 ad
1069 3771 1337 3858 aliquem
1404 3771 1717 3857 dignitatis
1776 3769 2059 3855 gradum.
2160 3768 2287 3834 Sed
2336 3769 2484 3856 quid

424 3886 703 3952 faciam?
783 3888 983 3974 Urget
1048 3912 1149 3955 me
1199 3897 1382 3977 atque
1430 3889 1730 3977 impedit,
1807 3910 1930 3976 quo
1977 3888 2179 3953 minus
2227 3888 2484 3954 militiae

428 4005 810 4093 valedicam,
862 4009 1198 4095 imperiosa
1243 4016 1620 4096 paupertas,
1674 4030 1834 4096 quae
1887 4008 2125 4096 quidvis
2178 4014 2239 4073 et
2270 4008 2479 4074 facere

429 4132 498 4192 et
543 4126 675 4211 pati
715 4126 916 4211 jubet.

532 4277 574 4353 ¹)
663 4280 922 4341 Carmen
964 4281 1216 4359 periisse
1257 4281 1513 4341 videtur.
1609 4282 1826 4359 Eleqia
1849 4284 1931 4341 ad
1984 4282 2208 4341 Villam
2240 4282 2477 4341 Marse-

427 4367 710 4441 vem'am,
780 4384 936 4443 quae
997 4368 1224 4445 legitur
1273 4367 1338 4425 in
1386 4368 1619 4443 Poem„
1664 4385 1803 4445 pag.
1852 4370 1965 4444 21,
2012 4368 2237 4446 scripta
2281 4372 2373 4427 est
2418 4366 2474 4425 d.
2575 4369 2582 4375 ’

422 4450 587 4511 xlv
629 4452 788 4529 Aug.
841 4454 1024 4511 1689.

522 4532 576 4611 ²)
661 4536 824 4595 Illud
871 4538 1242 4617 epigramma
1283 4555 1408 4596 non
1450 4536 1677 4615 legitur
1720 4537 1783 4595 in
1831 4539 2029 4598 Poem.
