2975 5209
1337 482 1416 551 77

341 682 528 749 derat
571 654 984 769 praesentiam
1033 688 1219 748 tuam.
1297 681 1536 748 Auctor
1582 684 1790 770 itaque
1838 702 2017 767 sum,
2070 682 2121 745 si
2160 680 2395 769 absque

340 802 746 868 incommodo
817 808 924 867 tuo
992 803 1122 868 fieri
1169 808 1410 889 potest,
1488 811 1557 867 ut
1606 824 1789 889 quam
1838 802 2107 889 primum
2158 802 2235 866 ad
2286 822 2399 865 nos

341 924 731 1009 transvoles,
782 924 847 987 id
882 930 1011 1009 est,
1066 931 1396 1010 antequam
1430 944 1511 988 ex
1543 920 1773 1008 Anglia
1805 922 1951 986 Rex
1985 921 2219 1005 veniat,
2276 942 2397 1007 quo

345 1042 605 1128 quidem
683 1050 966 1129 tempore
1047 1042 1213 1107 haud
1284 1043 1617 1107 illubenter
1686 1048 1749 1107 te
1823 1040 2069 1105 carituri
2144 1061 2397 1124 sumna,

343 1163 542 1227 modo
617 1170 808 1228 stetur
879 1164 1200 1251 promissis
1279 1184 1436 1250 quae
1491 1169 1579 1227 tot
1628 1184 1701 1227 ac
1750 1168 1921 1227 tanta
1968 1161 2186 1226 habes,
2285 1160 2410 1225 Est

349 1289 566 1347 autem
635 1283 798 1369 quod
867 1292 928 1348 te
977 1306 1230 1369 rogem,
1309 1284 1394 1347 mi
1440 1283 1669 1367 frater,
1745 1282 2032 1350 nimirum
2081 1288 2148 1345 ut
2200 1290 2409 1346 tecum

349 1402 523 1467 feras
571 1404 1054 1490 manuscriptum
1105 1402 1352 1469 Horatii
1401 1402 1679 1467 codicem
1715 1423 1796 1467 ex
1827 1423 1993 1489 penu
2034 1400 2403 1467 Graeviano.

350 1521 460 1586 Eo
509 1544 655 1586 usus
705 1544 879 1608 sum,
931 1531 998 1587 ut
1045 1524 1242 1609 nosti,
1295 1530 1436 1587 ante
1485 1544 1676 1587 annos
1728 1522 1995 1609 aliquot,
2050 1528 2111 1587 et
2159 1522 2409 1608 quidem

349 1662 483 1705 non
528 1640 952 1727 indiligenter:
1005 1663 1164 1707 nunc
1205 1648 1408 1707 tamen
1445 1642 1626 1707 video
1668 1662 1997 1728 superesse
2033 1643 2218 1707 etiam
2252 1663 2411 1707 nunc

351 1758 593 1846 aliquid
643 1762 804 1825 curis
851 1762 1168 1848 secundis,
1221 1783 1446 1848 nempe
1496 1769 1562 1826 ut
1608 1764 1798 1850 paulo
1834 1762 2123 1828 attentius
2162 1767 2435 1829 enotem*

353 1878 784 1946 diversitatem
836 1880 1358 1970 orthographiae,
1413 1902 1573 1969 quae
1619 1884 1679 1946 in
1726 1884 1835 1947 illo
1871 1882 2033 1947 libro
2084 1883 2269 1969 longe
2318 1888 2414 1947 est

351 2001 488 2065 alia
549 2006 732 2087 atque
778 2001 840 2066 in
889 2002 1174 2088 vulgatis
1275 2002 1460 2067 Hanc
1507 2003 1661 2067 mihi
1710 2024 1923 2073 curam
1970 2003 2183 2088 injecit
2229 2002 2401 2067 indn-

353 2120 514 2185 stria
595 2120 924 2207 Virgiliani
1007 2124 1316 2211 poematis
1400 2122 1813 2189 consideratio
1894 2144 1976 2187 ex
2036 2121 2413 2187 membranis

351 2241 618 2306 vetustis
664 2241 915 2307 Francii
962 2244 1193 2329 nostri,
1247 2243 1480 2331 oppido
1516 2243 1795 2330 profecto
1832 2242 2120 2329 optimis,
2158 2248 2220 2306 et
2253 2262 2411 2327 quae

265 2354 274 2362 ’
351 2360 516 2425 mihi
561 2361 794 2446 liquido
845 2370 1283 2448 persuaserunt
1332 2364 1543 2449 quanti
1591 2364 1725 2428 fieri
1775 2363 2004 2429 debeat
2046 2360 2415 2429 emendatis-

353 2480 524 2545 sima
587 2480 726 2545 Nic.
792 2480 1039 2546 Heinsii
1107 2471 1317 2547 editio.
1417 2484 1519 2548 De
1566 2484 1640 2548 iis
1690 2483 2113 2549 fabulabimur
2162 2504 2409 2569 coram,

357 2606 424 2665 et
478 2586 722 2686 quidem
770 2601 981 2689 brevi,
1043 2604 1160 2667 nisi
1207 2610 1273 2668 tu
1321 2603 1575 2669 abnuas.
1666 2604 1849 2669 Nunc
1896 2604 2242 2669 Graevium
2308 2625 2417 2668 no-

354 2726 558 2785 strum
626 2744 663 2787 a
710 2744 812 2788 me
860 2724 1101 2809 saluta,
1153 2730 1218 2789 et
1267 2730 1334 2789 ut
1382 2725 1594 2789 valeas
1646 2724 1973 2810 diligenter
2023 2729 2274 2809 curato,
2326 2723 2416 2788 mi

357 2841 682 2907 carissime
729 2842 936 2907 frater.
1009 2868 1016 2875 ·

461 2958 937 3050 Amstelodami,
991 2966 1030 3029 8
1081 2964 1384 3029 Decemb.
1428 2966 1623 3030 1690.

1232 3315 1449 3381 LXVI
1489 3320 1555 3401 ¹).

1211 3434 1430 3567 Berqio'
1465 3501 1571 3549 suo

1195 3620 1595 3685 Broukhusius.

466 3783 670 3850 Valde
741 3786 1072 3851 sollicitum
1145 3809 1246 3851 me
1313 3788 1570 3866 habuit,
1642 3786 1726 3851 mi
1782 3786 2007 3864 frater,
2063 3785 2417 3873 expectatio

361 3906 690 3970 literarum
737 3912 1018 3987 tuarum,
1069 3929 1266 3994 neque
1315 3907 1689 3994 persuadere
1740 3908 1889 3971 mihi
1941 3907 2249 3972 audebam
2294 3906 2416 3970 sal-

359 4030 520 4089 ‘vum
585 4031 645 4090 te
713 4032 896 4111 atque
937 4027 1309 4091 incolumem
1361 4026 1723 4111 Trajectum
1776 4027 2153 4113 pervenisse.
2238 4024 2420 4089 Nunc

363 4146 558 4209 timor
623 4146 822 4209 omnis
888 4147 1097 4233 abest,
1163 4146 1282 4209 nisi
1330 4141 1498 4232 quod
1548 4147 1753 4211 adhuc
1807 4169 1925 4211 non
1977 4147 2125 4211 satis
2175 4144 2417 4209 silentio

367 4265 456 4328 dc
524 4264 874 4330 valetudine
930 4271 1037 4330 tua
1085 4268 1480 4352 acquiescere
1528 4289 1805 4353 possum.
1908 4267 2033 4331 Cur
2084 4267 2244 4333 enim
2298 4286 2419 4329 non

477 4502 519 4585 ¹)
605 4505 677 4564 In
721 4506 1104 4567 Bibliotheca
1146 4504 1555 4589 Lugdunensi.
