2975 5209
1423 437 1431 444 ’
1525 483 1656 546 128

1469 677 1597 740 104
1638 675 1700 759 ¹).

1311 810 1449 873 lano
1495 807 1857 872 Broukhusio

1353 920 1436 986 lo.
1483 917 1794 993 Brandt2).

652 1050 835 1116 Mittit
905 1052 1130 1116 librum
1195 1073 1374 1116 suum
1425 1052 1503 1116 de
1552 1051 1752 1115 Paulo
1789 1052 1860 1134 ³).
1960 1049 2028 1114 Si
2077 1051 2231 1115 vitia
2281 1052 2497 1139 insint,
2552 1059 2630 1118 ut

557 1171 992 1236 Broukhusius
1038 1173 1170 1256 illa,
1193 1173 1545 1258 impertiat,
1602 1176 1800 1256 rogat.

655 1291 882 1377 Hagae
933 1291 1281 1378 Comitum,
1330 1293 1416 1356 24
1468 1289 1624 1355 Dec.
1674 1292 1873 1354 1694.

1480 1514 1610 1578 105
1641 1514 1711 1597 4).

1324 1651 1462 1719 lano
1509 1653 1863 1719 Broukhusio

1353 1767 1412 1830 Ε.
1459 1765 1854 1830 Danckelman.

659 1903 906 1968 Gratias
971 1905 1100 1989 agit
1166 1926 1280 1991 pro
1354 1907 1619 1992 epistola
1666 1905 2048 1969 Broukhusii
2099 1912 2158 1970 et
2207 1904 2627 1989 gratulatione

561 2014 640 2079 de
689 2037 850 2080 nova
899 2018 1254 2082 accessione
1303 2017 1615 2102 dignitatis
1665 2016 1774 2081 filii
1826 2026 1971 2082 natu
2021 2016 2297 2080 maximi.

652 2133 950 2198 Berouni.
1003 2156 1058 2199 a.
1113 2135 1171 2198 d.
1225 2134 1467 2199 xxxx.
1520 2135 1889 2200 Decembris
1934 2107 2450 2201 ‘010100xc1w

1385 2280 1517 2297 '‘ss-IV&

1487 2361 1615 2422 106
1650 2359 1717 2443 ⁵).

1119 2495 1127 2528 ι
1317 2473 1454 2538 lano
1499 2473 1855 2537 Broukhusio

1405 2583 1487 2646 lo.
1534 2583 1772 2648 Brandt.

662 2711 908 2794 „Tuum
1017 2713 1169 2777 illu-d
1273 2735 1519 2778 carmen
1620 2715 1815 2778 avidis
1917 2716 2111 2781 oculis
2208 2716 2621 2803 manibusque

562 2823 820 2908 arripuit
886 2823 1053 2888 idem
1103 2825 1255 2889 illud
1305 2826 1721 2911 consortium,
1808 2829 1970 2912 quod
2022 2828 2081 2891 in
2132 2848 2332 2892 seram
2390 2847 2619 2912 vespe·

565 2955 698 2998 ram
773 2935 1082 3022 colloquia
1153 2958 1267 3000 sua
1338 2944 1399 3001 te
1469 2946 1799 3024 praesente
1848 2940 2186 3025 protraxit,
2238 2939 2405 3025 quod
2463 2938 2627 3002 forte

567 3044 811 3109 fortuna
879 3053 1161 3122 coactum
1233 3055 1365 3112 erat
1413 3069 1488 3112 eo
1538 3049 1680 3134 ipso
1730 3057 2011 3136 tempore
2061 3072 2181 3136 quo
2232 3049 2383 3114 felix
2432 3058 2627 3135 super

565 3156 782 3221 infelix
830 3154 1182 3242 subjectum
1231 3158 1474 3222 Poema
1522 3158 1703 3223 bonis
1760 3161 1979 3224 avibus
2014 3160 2093 3223 ad
2128 3169 2368 3224 nostras
2404 3181 2626 3223 manus

566 3267 1003 3354 perveniebat:
1080 3269 1247 3333 illico
1319 3270 1499 3334 bonis
1568 3269 1862 3335 laudibus
1943 3272 2002 3335 in
2077 3271 2323 3335 coelum
2372 3270 2619 3354 tollere,

567 3378 786 3463 proclo
837 3379 1134 3444 mandare
1182 3381 1270 3443 uti
1322 3378 1743 3452 Catullianum
1768 3431 1787 3463 ,
1838 3381 2101 3446 hoc-est
2152 3380 2365 3445 tuum'’
2399 3429 2621 3446 ......

572 3488 746 3575 „Ipsi
823 3488 1008 3553 Gallo
1083 3489 1430 3554 exhibitum
1501 3497 1629 3575 est,
1710 3491 1811 3576 qui
1851 3491 2135 3576 promisit
2181 3492 2410 3555 intimis
2460 3491 2623 3575 suis,

571 3619 801 3665 senec
849 3600 1012 3663 velle
1061 3622 1175 3664 nec
1207 3622 1396 3686 posse
1429 3602 1838 3688 respondere:
1877 3623 1990 3665 nec
2024 3601 2391 3666 crediderim
2423 3600 2627 3665 furem

567 3730 862 3796 umquam
913 3711 1130 3774 odioso
1181 3712 1469 3798 stigmate
1520 3718 1836 3796 notatum,
1892 3713 1989 3775 cui
2036 3712 2094 3775 in
2148 3718 2383 3776 tantum
2420 3711 2623 3774 omnis

667 3889 709 3964 ¹)
797 3891 1102 3967 Epistola,
1170 3910 1327 3967 quae
1381 3897 1470 3950 est
1516 3891 1761 3969 Belgico
1808 3908 2085 3950 sermone
2128 3892 2380 3970 scripta,
2428 3894 2519 3950 est
2564 3890 2631 3949 in

569 3975 955 4036 Bibliotheca
997 3976 1407 4054 Lugdunensi.

657 4073 680 4106 ,ι
851 4061 864 4074 .
1210 4062 1222 4075 .

661 4065 710 4220 3))
789 4061 1300 4206 ἘέιθὶἷιῗοηΕξιιῗι.
1341 4061 1765 4222 ιξιξξῗζοειεὶ
1816 4147 2069 4204 Paulus,
2130 4144 2178 4204 's
2208 4144 2633 4224 Gravenhaye‚

576 4231 756 4330 1695..
823 4232 895 4288 D.
964 4232 1082 4289 XV
1146 4231 1374 4310 Aprilis
1432 4233 1501 4288 B.
1565 4250 1809 4290 carmen
1870 4232 1933 4289 in
1996 4231 2156 4289 hunc
2200 4231 2421 4290 librum
2468 4250 2635 4292 com-

569 4323 769 4477 Ροῖἳη
799 4317 1298 4464 {foliiqbliofflgca
1314 4318 1753 4479 lffigdunensi.

659 4485 712 4564 ³)
797 4487 1057 4548 Ibidem.
