2975 5209
1303 474 1426 536 101

339 668 947 744 Rotarodamensem
986 669 1030 751 ι)
1087 666 1386 754 numquid
1419 665 1681 730 vidisti?
1770 665 1875 730 Sic
1906 673 2077 752 puto.
2159 667 2397 752 Nobis,

335 789 402 854 id
477 796 570 854 est
640 789 1066 872 MarseveniO,
1141 787 1434 871 Francio,
1479 806 1553 849 ac
1602 786 1790 870 mihi,
1845 786 2011 850 visus
2062 793 2155 850 est
2205 787 2392 870 longe

335 909 499 973 alius
547 909 855 995 prodiisse
905 915 1089 995 atque
1141 914 1733 992 expectaveramus,
1788 913 1847 970 et
1894 906 2181 992 pagellae
2207 905 2387 991 istae,

336 1053 496 1118 quas
570 1037 803 1114 tecum,
879 1028 993 1091 Vir
1071 1026 1467 1106 Clarissime,
1535 1026 1590 1088 si
1660 1025 2021 1110 meministi,
2076 1047 2215 1089 cum
2274 1025 2401 1089 risu

333 1150 572 1236 pariter
621 1171 693 1214 ac
743 1148 1068 1213 stomacho
1119 1167 1236 1210 non
1287 1145 1619 1230 injucunde
1652 1144 2208 1231 percurrebamus,
2262 1167 2396 1210 om-

333 1271 445 1333 nia
517 1270 642 1332 alia
713 1266 1177 1356 promittebant.
1279 1261 1773 1350 Ephemeridum
1852 1265 2115 1350 scriptor
2163 1263 2402 1328 Rasna-

332 1387 480 1474 gius
518 1389 568 1474 2)
617 1409 736 1452 non
789 1387 1028 1452 dubitat
1076 1386 1242 1471 fore,
1297 1384 1519 1472 quibus
1569 1391 1892 1470 suspectus
1942 1383 2021 1447 sit
2068 1384 2169 1447 hic
2202 1403 2401 1474 novus

334 1509 577 1594 foetus,
627 1514 686 1573 et
735 1508 918 1571 simul
971 1512 1280 1593 provocat
1331 1504 1410 1567 ad
1450 1503 1867 1588 fragmentum
1919 1501 2400 1593 Tragurianum,

337 1629 459 1693 sed
527 1637 587 1693 et
655 1629 745 1692 sic
806 1649 1050 1715 quoque
1095 1627 1256 1692 bene
1313 1645 1450 1688 cum
1502 1623 1694 1688 literis
1750 1628 1955 1688 actum
2012 1623 2401 1709 pronuntiat,

337 1746 518 1834 quod
591 1746 854 1810 laciniae
926 1747 1084 1811 istae
1137 1745 1307 1808 nullo
1358 1744 1654 1807 hactenus
1707 1743 1920 1806 ordine
1972 1743 2401 1826 cohaerentes,

332 1867 481 1951 jam
557 1865 918 1950 commode,
996 1887 1068 1930 ac
1138 1865 1274 1929 vsine
1341 1864 1783 1949 interruptione
1823 1863 2089 1948 xpossint
2135 1862 2293 1947 legi,
2347 1867 2410 1926 et

343 1986 412 2048 in
465 1987 645 2048 unius
699 1985 975 2071 corporis
1025 1985 1288 2048 formam
1341 1983 1661 2048 decentem
1712 1982 1962 2046 redacta
2009 1982 2234 2046 fuerint
2280 1989 2407 2046 tam

349 2105 531 2167 varia
577 2111 828 2191 tamque
878 2104 1244 2189 multiplicia
1277 2102 1577 2166 membra.
1676 2100 1963 2186 Amabo,
2019 2101 2102 2163 mi
2156 2100 2404 2185 Graevi,

350 2224 459 2288 fac
534 2225 850 2288 examines
924 2224 1265 2310 paullisper
1319 2223 1508 2306 hujus
1572 2221 1838 2286 hominis
1887 2221 2016 2285 sive
2058 2221 2405 2306 judicium,

351 2343 496 2406 sive
557 2343 955 2429 relationem,
1008 2344 1134 2429 ·qui
1211 2319 1358 2406 cum·
1400 2343 1595 2405 multa
1646 2341 1849 2405 dicere
1898 2340 2059 2404 velle
2108 2339 2405 2425 videatur,

351 2463 613 2528 tandem
668 2463 875 2548 addit,
929 2464 1092 2528 nolle
1143 2484 1210 2526 se
1259 2463 1436 2526 litem·
1481 2483 1621 2524 cum
1671 2459 1919 2525 Nodoto
1954 2462 2001 2544 3)
2050 2461 2403 2547 suscipere,

352 2581 634 2664 ideoque
684 2583 910 2646 intacta
960 2583 1306 2668 relinquere
1355 2582 1535 2666 plura
1583 2579 1661 2644 de
1712 2580 1934 2665 quibus
1968 2581 2166 2665 possit
2200 2580 2409 2666 dispu-

346 2701 482 2764 tari
555 2701 614 2763 in
667 2709 990 2788 utramque
1039 2709 1298 2788 partem.
1401 2699 1691 2764 Profecto
1744 2700 1797 2762 si
1846 2699 2003 2763 haec
2050 2699 2204 2762 ratio
2254 2705 2411 2762 trac-

353 2819 534 2882 tandi
634 2820 965 2905 scriptores
1077 2821 1356 2905 antiquos
1443 2819 1590 2882 ferri
1669 2824 1916 2904 potest,
2000 2824 2104 2882 aut
2183 2817 2407 2904 debet,

362 2946 638 3023 expecto
733 2945 801 3003 ut
889 2961 1037 3002 mox
1126 2938 1346 3003 Gallus
1427 2939 1649 3024 aliquis
1729 2938 1808 3001 ad
1889 2938 2153 3037 eundem
2233 2939 2412 3003 nobis

356 3057 621 3120 modum
730 3058 1110 3122 consarcinet
1199 3057 1491 3142 reliquias
1564 3064 1838 3121 veterum
1912 3055 2407 3144 Historicorum3

351 3197 520 3263 quae
571 3198 704 3260 res,
761 3183 1004 3262 praeter
1053 3178 1379 3240 lectionem
1430 3175 1675 3240 facilem
1727 3197 1799 3240 ac
1831 3197 1951 3238 non
1985 3177 2409 3262 interruptam,

356 3295 624 3359 multum
704 3295 976 3358 conferet
1050 3296 1130 3358 ad
1206 3295 1507 3359 eruendas
1566 3296 1894 3391 multarum
1945 3294 2220 3378 gentium
2270 3316 2411 3358 cum

355 3413 802 3499 antiquitates,
852 3422 979 3477 tum
1031 3435 1178 3478 vero
1229 3421 1290 3478 et
1323 3415 1627 3499 origines,
1682 3415 1742 3478 in
1788 3413 2010 3499 quibus
2047 3412 2411 3499 indagandis

355 3534 664 3596 hactenus
741 3549 832 3596 est
893 3534 1118 3597 frustra
1191 3533 1497 3598 suda-tum.
1598 3533 1732 3598 Nec
1782 3533 1995 3596 dubito
2048 3533 2189 3619 quin
2240 3533 2415 3599 brevi

355 3652 716 3736 Lucilium,
797 3673 978 3738 quem
1055 3630 1224 3737 amo,
1279 3653 1585 3738 integrum
1635 3653 1826 3716 simus
1876 3653 2170 3738 habituri,
2221 3653 2411 3719 modo

354 3771 706 3834 inveniatur
755 3773 976 3858 aliquis
1028 3772 1132 3858 qui
1181 3793 1248 3836 se
1285 3793 1505 3858 sapere
1542 3773 1753 3836 credat
1778 3772 1855 3836 ad
1888 3771 2112 3836 Lucilii
2143 3773 2411 3857 genium.

361 3889 651 3954 Dixerat
712 3911 744 3955 o
796 3893 1044 3956 mores!
1112 3912 1144 3956 o
1195 3899 1479 3976 tempora
1504 3893 1529 3954 l
1628 3890 1885 3966 Tullius
1936 3893 2087 3954 olim
2115 3892 2185 3976 4).
2287 3891 2415 3958 Sed

361 4010 535 4074 olim.
639 4010 852 4075 Hodie
935 4012 1070 4074 aliis
1145 4011 1419 4075 moribus
1491 4012 1727 4075 vivitur.
1827 4011 1909 4076 Et
1965 4017 2171 4076 tamen
2220 4012 2415 4099 (quod

469 4219 506 4295 ¹)
595 4222 750 4281 Vide
793 4223 870 4281 ad
915 4223 1102 4300 Epist.
1150 4223 1495 4281 LXXXIV.

456 4303 499 4380 ²)
587 4307 745 4366 Vide
791 4307 867 4366 ad
913 4308 1100 4385 Epist.
1149 4308 1281 4366 LX.

459 4388 508 4465 ³)
597 4392 751 4452 Vide
797 4393 872 4452 ad
919 4393 1106 4470 Epist.
1153 4393 1495 4452 LXXXIV.

459 4473 510 4552 ⁴)
597 4478 809 4555 Mart.,
854 4478 978 4555 IX,
1029 4482 1134 4554 70,
1181 4497 1264 4537 vs.
1321 4485 1371 4536 l.
