<?xml version="1.0" encoding="UTF-8"?>
<!DOCTYPE html PUBLIC "-//W3C//DTD XHTML 1.0 Transitional//EN"
    "http://www.w3.org/TR/xhtml1/DTD/xhtml1-transitional.dtd">
<html xmlns="http://www.w3.org/1999/xhtml" xml:lang="en" lang="en">
 <head>
  <title>
</title>
<meta http-equiv="Content-Type" content="text/html;charset=utf-8" />
  <meta name='ocr-system' content='tesseract 3.04.00' />
  <meta name='ocr-capabilities' content='ocr_page ocr_carea ocr_par ocr_line ocrx_word'/>
</head>
<body>
  <div class='ocr_page' id='page_1' title='image "./epistolaeselect00worpgoog_0131.png"; bbox 0 0 2975 5209; ppageno 0'>
   <div class='ocr_carea' id='block_1_1' title="bbox 1315 486 1442 550">
    <p class='ocr_par' dir='ltr' id='par_1_1' title="bbox 1315 486 1442 550">
     <span class='ocr_line' id='line_1_1' title="bbox 1315 486 1442 550; baseline 0.016 -2"><span class='ocrx_word' id='word_1_1' title='bbox 1315 486 1442 550; x_wconf 79' lang='lat'>117</span> 
     </span>
    </p>
   </div>
   <div class='ocr_carea' id='block_1_2' title="bbox 327 683 2416 2062">
    <p class='ocr_par' dir='ltr' id='par_1_2' title="bbox 327 683 2416 2062">
     <span class='ocr_line' id='line_1_2' title="bbox 351 683 2408 769; baseline -0.004 -16"><span class='ocrx_word' id='word_1_2' title='bbox 351 687 402 754; x_wconf 85' lang='lat' dir='ltr'><strong>J</strong></span> <span class='ocrx_word' id='word_1_3' title='bbox 406 687 560 751; x_wconf 90' lang='lat' dir='ltr'>ensii</span> <span class='ocrx_word' id='word_1_4' title='bbox 610 686 826 750; x_wconf 88' lang='lat' dir='ltr'>doctor</span> <span class='ocrx_word' id='word_1_5' title='bbox 876 683 1008 748; x_wconf 85' lang='lat' dir='ltr'>fuit.</span> <span class='ocrx_word' id='word_1_6' title='bbox 1109 683 1319 748; x_wconf 83' lang='lat' dir='ltr'>Nolite</span> <span class='ocrx_word' id='word_1_7' title='bbox 1368 705 1507 769; x_wconf 81' lang='lat' dir='ltr'>VOS,</span> <span class='ocrx_word' id='word_1_8' title='bbox 1562 685 1820 769; x_wconf 87' lang='lat' dir='ltr'>amabo,</span> <span class='ocrx_word' id='word_1_9' title='bbox 1876 683 2129 769; x_wconf 86' lang='lat' dir='ltr'>egregia</span> <span class='ocrx_word' id='word_1_10' title='bbox 2174 683 2408 746; x_wconf 86' lang='lat' dir='ltr'>saeculi</span> 
     </span>
     <span class='ocr_line' id='line_1_3' title="bbox 349 803 2408 890; baseline -0.003 -19"><span class='ocrx_word' id='word_1_11' title='bbox 349 807 628 890; x_wconf 82' lang='lat' dir='ltr'>decora,</span> <span class='ocrx_word' id='word_1_12' title='bbox 728 804 940 869; x_wconf 86' lang='lat' dir='ltr'>fovere</span> <span class='ocrx_word' id='word_1_13' title='bbox 1027 803 1264 868; x_wconf 88' lang='lat' dir='ltr'>semina</span> <span class='ocrx_word' id='word_1_14' title='bbox 1359 804 1742 888; x_wconf 79' lang='lat' dir='ltr'>discordiae,</span> <span class='ocrx_word' id='word_1_15' title='bbox 1836 825 1994 889; x_wconf 89' lang='lat' dir='ltr'>quae</span> <span class='ocrx_word' id='word_1_16' title='bbox 2084 808 2408 886; x_wconf 85' lang='lat' dir='ltr'>erumpant</span> 
     </span>
     <span class='ocr_line' id='line_1_4' title="bbox 348 921 2403 1010; baseline -0.003 -22"><span class='ocrx_word' id='word_1_17' title='bbox 348 925 535 990; x_wconf 87' lang='lat' dir='ltr'>brevi</span> <span class='ocrx_word' id='word_1_18' title='bbox 626 925 689 988; x_wconf 89' lang='lat' dir='ltr'>in</span> <span class='ocrx_word' id='word_1_19' title='bbox 787 931 1074 1010; x_wconf 87' lang='lat' dir='ltr'>apertum</span> <span class='ocrx_word' id='word_1_20' title='bbox 1173 932 1551 987; x_wconf 78' lang='lat' dir='ltr'>contemtum</span> <span class='ocrx_word' id='word_1_21' title='bbox 1644 932 1952 988; x_wconf 85' lang='lat' dir='ltr'>rectorum</span> <span class='ocrx_word' id='word_1_22' title='bbox 2041 921 2403 985; x_wconf 87' lang='lat' dir='ltr'>studiorum.</span> 
     </span>
     <span class='ocr_line' id='line_1_5' title="bbox 353 1039 2409 1129; baseline -0.003 -21"><span class='ocrx_word' id='word_1_23' title='bbox 353 1042 736 1109; x_wconf 88' lang='lat' dir='ltr'>Barbariem</span> <span class='ocrx_word' id='word_1_24' title='bbox 812 1043 865 1105; x_wconf 87' lang='lat' dir='ltr'>si</span> <span class='ocrx_word' id='word_1_25' title='bbox 935 1063 1301 1129; x_wconf 84' lang='lat' dir='ltr'>oppugnare</span> <span class='ocrx_word' id='word_1_26' title='bbox 1375 1043 1810 1128; x_wconf 83' lang='lat' dir='ltr'>aggredimur,</span> <span class='ocrx_word' id='word_1_27' title='bbox 1890 1041 2076 1105; x_wconf 86' lang='lat' dir='ltr'>etiam</span> <span class='ocrx_word' id='word_1_28' title='bbox 2148 1039 2248 1102; x_wconf 86' lang='lat' dir='ltr'>vel</span> <span class='ocrx_word' id='word_1_29' title='bbox 2320 1039 2409 1102; x_wconf 90' lang='lat' dir='ltr'>sic</span> 
     </span>
     <span class='ocr_line' id='line_1_6' title="bbox 350 1158 2409 1246; baseline -0.003 -19"><span class='ocrx_word' id='word_1_30' title='bbox 350 1164 512 1228; x_wconf 79' lang='lat' dir='ltr'>satis</span> <span class='ocrx_word' id='word_1_31' title='bbox 562 1162 676 1227; x_wconf 83' lang='lat' dir='ltr'>erit</span> <span class='ocrx_word' id='word_1_32' title='bbox 721 1162 958 1246; x_wconf 88' lang='lat' dir='ltr'>negotii</span> <span class='ocrx_word' id='word_1_33' title='bbox 1003 1161 1067 1224; x_wconf 91' lang='lat' dir='ltr'>in</span> <span class='ocrx_word' id='word_1_34' title='bbox 1117 1161 1243 1226; x_wconf 89' lang='lat' dir='ltr'>otio</span> <span class='ocrx_word' id='word_1_35' title='bbox 1283 1162 1548 1227; x_wconf 77' lang='lat' dir='ltr'>literato,</span> <span class='ocrx_word' id='word_1_36' title='bbox 1652 1159 2086 1246; x_wconf 84' lang='lat' dir='ltr'>Charpenterii</span> <span class='ocrx_word' id='word_1_37' title='bbox 2134 1164 2195 1223; x_wconf 89' lang='lat' dir='ltr'>et</span> <span class='ocrx_word' id='word_1_38' title='bbox 2240 1158 2409 1221; x_wconf 89' lang='lat' dir='ltr'>Lon-</span> 
     </span>
     <span class='ocr_line' id='line_1_7' title="bbox 347 1276 2411 1370; baseline -0.002 -24"><span class='ocrx_word' id='word_1_39' title='bbox 347 1281 676 1370; x_wconf 85' lang='lat' dir='ltr'>gapetraei</span> <span class='ocrx_word' id='word_1_40' title='bbox 724 1281 919 1345; x_wconf 88' lang='lat' dir='ltr'>libros</span> <span class='ocrx_word' id='word_1_41' title='bbox 969 1280 1138 1365; x_wconf 83' lang='lat' dir='ltr'>(vide</span> <span class='ocrx_word' id='word_1_42' title='bbox 1192 1301 1312 1366; x_wconf 88' lang='lat' dir='ltr'>quo</span> <span class='ocrx_word' id='word_1_43' title='bbox 1363 1302 1463 1344; x_wconf 90' lang='lat' dir='ltr'>me</span> <span class='ocrx_word' id='word_1_44' title='bbox 1515 1280 1855 1365; x_wconf 86' lang='lat' dir='ltr'>abripuerit</span> <span class='ocrx_word' id='word_1_45' title='bbox 1886 1301 2060 1343; x_wconf 86' lang='lat' dir='ltr'>amor</span> <span class='ocrx_word' id='word_1_46' title='bbox 2092 1276 2411 1364; x_wconf 84' lang='lat' dir='ltr'>utriusque</span> 
     </span>
     <span class='ocr_line' id='line_1_8' title="bbox 348 1397 2411 1485; baseline -0.001 -22"><span class='ocrx_word' id='word_1_47' title='bbox 348 1400 656 1484; x_wconf 81' lang='lat' dir='ltr'>vestrum)</span> <span class='ocrx_word' id='word_1_48' title='bbox 730 1421 853 1464; x_wconf 90' lang='lat' dir='ltr'>non</span> <span class='ocrx_word' id='word_1_49' title='bbox 924 1405 1076 1485; x_wconf 90' lang='lat' dir='ltr'>puto</span> <span class='ocrx_word' id='word_1_50' title='bbox 1152 1399 1254 1462; x_wconf 91' lang='lat' dir='ltr'>hic</span> <span class='ocrx_word' id='word_1_51' title='bbox 1331 1401 1611 1463; x_wconf 88' lang='lat' dir='ltr'>locorum</span> <span class='ocrx_word' id='word_1_52' title='bbox 1688 1398 1905 1463; x_wconf 87' lang='lat' dir='ltr'>haberi</span> <span class='ocrx_word' id='word_1_53' title='bbox 1965 1419 2171 1485; x_wconf 91' lang='lat' dir='ltr'>posse.</span> <span class='ocrx_word' id='word_1_54' title='bbox 2270 1397 2411 1483; x_wconf 87' lang='lat' dir='ltr'>Ego</span> 
     </span>
     <span class='ocr_line' id='line_1_9' title="bbox 349 1517 2415 1605; baseline -0.002 -21"><span class='ocrx_word' id='word_1_55' title='bbox 349 1527 529 1584; x_wconf 80' lang='lat' dir='ltr'>certe</span> <span class='ocrx_word' id='word_1_56' title='bbox 575 1520 838 1582; x_wconf 89' lang='lat' dir='ltr'>multum</span> <span class='ocrx_word' id='word_1_57' title='bbox 890 1539 964 1582; x_wconf 89' lang='lat' dir='ltr'>ac</span> <span class='ocrx_word' id='word_1_58' title='bbox 1015 1517 1120 1581; x_wconf 91' lang='lat' dir='ltr'>diu</span> <span class='ocrx_word' id='word_1_59' title='bbox 1171 1520 1482 1605; x_wconf 88' lang='lat' dir='ltr'>quaesitos</span> <span class='ocrx_word' id='word_1_60' title='bbox 1533 1540 1867 1605; x_wconf 87' lang='lat' dir='ltr'>numquam</span> <span class='ocrx_word' id='word_1_61' title='bbox 1915 1519 2090 1605; x_wconf 81' lang='lat' dir='ltr'>potui</span> <span class='ocrx_word' id='word_1_62' title='bbox 2139 1518 2415 1602; x_wconf 81' lang='lat' dir='ltr'>reperire</span> 
     </span>
     <span class='ocr_line' id='line_1_10' title="bbox 349 1635 2415 1723; baseline -0.002 -20"><span class='ocrx_word' id='word_1_63' title='bbox 349 1639 465 1703; x_wconf 77' lang='lat' dir='ltr'>vel</span> <span class='ocrx_word' id='word_1_64' title='bbox 509 1638 790 1723; x_wconf 86' lang='lat' dir='ltr'>precario</span> <span class='ocrx_word' id='word_1_65' title='bbox 839 1635 1161 1722; x_wconf 87' lang='lat' dir='ltr'>legendos.</span> <span class='ocrx_word' id='word_1_66' title='bbox 1262 1636 1424 1702; x_wconf 82' lang='lat' dir='ltr'>Vale</span> <span class='ocrx_word' id='word_1_67' title='bbox 1472 1637 1587 1701; x_wconf 91' lang='lat' dir='ltr'>Vir</span> <span class='ocrx_word' id='word_1_68' title='bbox 1622 1638 2024 1723; x_wconf 79' lang='lat' dir='ltr'>Clarissimo,</span> <span class='ocrx_word' id='word_1_69' title='bbox 2078 1644 2139 1702; x_wconf 89' lang='lat' dir='ltr'>et</span> <span class='ocrx_word' id='word_1_70' title='bbox 2170 1636 2415 1700; x_wconf 87' lang='lat' dir='ltr'>Brouk-</span> 
     </span>
     <span class='ocr_line' id='line_1_11' title="bbox 347 1755 2416 1844; baseline -0.001 -22"><span class='ocrx_word' id='word_1_71' title='bbox 347 1757 610 1822; x_wconf 89' lang='lat' dir='ltr'>husium</span> <span class='ocrx_word' id='word_1_72' title='bbox 658 1763 832 1822; x_wconf 90' lang='lat' dir='ltr'>tuum</span> <span class='ocrx_word' id='word_1_73' title='bbox 881 1755 1002 1841; x_wconf 88' lang='lat' dir='ltr'>(est</span> <span class='ocrx_word' id='word_1_74' title='bbox 1052 1757 1215 1820; x_wconf 90' lang='lat' dir='ltr'>enim</span> <span class='ocrx_word' id='word_1_75' title='bbox 1265 1763 1433 1821; x_wconf 86' lang='lat' dir='ltr'>totus</span> <span class='ocrx_word' id='word_1_76' title='bbox 1483 1760 1651 1843; x_wconf 86' lang='lat' dir='ltr'>tuus)</span> <span class='ocrx_word' id='word_1_77' title='bbox 1704 1779 1913 1822; x_wconf 85' lang='lat' dir='ltr'>amare</span> <span class='ocrx_word' id='word_1_78' title='bbox 1963 1779 2175 1844; x_wconf 88' lang='lat' dir='ltr'>perge.</span> <span class='ocrx_word' id='word_1_79' title='bbox 2259 1755 2416 1819; x_wconf 91' lang='lat' dir='ltr'>Am-</span> 
     </span>
     <span class='ocr_line' id='line_1_12' title="bbox 355 1876 2415 1964; baseline -0.002 -22"><span class='ocrx_word' id='word_1_80' title='bbox 355 1877 730 1961; x_wconf 77' lang='lat' dir='ltr'>stelodami,</span> <span class='ocrx_word' id='word_1_81' title='bbox 803 1877 956 1964; x_wconf 84' lang='lat' dir='ltr'>ipsis</span> <span class='ocrx_word' id='word_1_82' title='bbox 1030 1876 1162 1941; x_wconf 81' lang='lat' dir='ltr'>Gal.</span> <span class='ocrx_word' id='word_1_83' title='bbox 1248 1877 1387 1942; x_wconf 86' lang='lat' dir='ltr'>Jan.</span> <span class='ocrx_word' id='word_1_84' title='bbox 1470 1879 1689 1961; x_wconf 83' lang='lat'>1694,</span> <span class='ocrx_word' id='word_1_85' title='bbox 1768 1898 1951 1962; x_wconf 90' lang='lat' dir='ltr'>quem</span> <span class='ocrx_word' id='word_1_86' title='bbox 2020 1876 2133 1939; x_wconf 87' lang='lat' dir='ltr'>tibi</span> <span class='ocrx_word' id='word_1_87' title='bbox 2190 1897 2415 1939; x_wconf 87' lang='lat' dir='ltr'>annum</span> 
     </span>
     <span class='ocr_line' id='line_1_13' title="bbox 327 1995 2057 2062; baseline -0.003 0"><span class='ocrx_word' id='word_1_88' title='bbox 327 1998 612 2062; x_wconf 85' lang='lat' dir='ltr'>-felicem</span> <span class='ocrx_word' id='word_1_89' title='bbox 662 2018 735 2061; x_wconf 91' lang='lat' dir='ltr'>ac</span> <span class='ocrx_word' id='word_1_90' title='bbox 783 1995 1158 2062; x_wconf 87' lang='lat' dir='ltr'>fortunatum</span> <span class='ocrx_word' id='word_1_91' title='bbox 1213 1996 1402 2061; x_wconf 86' lang='lat' dir='ltr'>faciat</span> <span class='ocrx_word' id='word_1_92' title='bbox 1450 1995 1625 2060; x_wconf 93' lang='lat' dir='ltr'>Deus</span> <span class='ocrx_word' id='word_1_93' title='bbox 1673 1995 2057 2059; x_wconf 88' lang='lat' dir='ltr'>immortalis.</span> 
     </span>
    </p>
   </div>
   <div class='ocr_carea' id='block_1_3' title="bbox 1186 2159 1357 2174">
    <p class='ocr_par' dir='ltr' id='par_1_3' title="bbox 1186 2159 1357 2174">
     <span class='ocr_line' id='line_1_14' title="bbox 1186 2159 1357 2174; baseline 0 -2"><span class='ocrx_word' id='word_1_94' title='bbox 1186 2159 1357 2174; x_wconf 56' lang='lat' dir='ltr'>‘m-fiN</span> 
     </span>
    </p>
   </div>
   <div class='ocr_carea' id='block_1_4' title="bbox 1293 2260 1484 2343">
    <p class='ocr_par' dir='ltr' id='par_1_4' title="bbox 1293 2260 1484 2343">
     <span class='ocr_line' id='line_1_15' title="bbox 1293 2260 1484 2343; baseline -0.016 -19"><span class='ocrx_word' id='word_1_95' title='bbox 1293 2263 1394 2324; x_wconf 85' lang='lat'>94.</span> <span class='ocrx_word' id='word_1_96' title='bbox 1423 2260 1484 2343; x_wconf 84' lang='grc'>1).</span> 
     </span>
    </p>
   </div>
   <div class='ocr_carea' id='block_1_5' title="bbox 1115 2402 1652 2578">
    <p class='ocr_par' dir='ltr' id='par_1_5' title="bbox 1115 2402 1652 2578">
     <span class='ocr_line' id='line_1_16' title="bbox 1115 2402 1652 2466; baseline 0 -2"><span class='ocrx_word' id='word_1_97' title='bbox 1115 2403 1252 2465; x_wconf 86' lang='lat' dir='ltr'>lano</span> <span class='ocrx_word' id='word_1_98' title='bbox 1301 2402 1652 2466; x_wconf 80' lang='lat' dir='ltr'>Broukhusio</span> 
     </span>
     <span class='ocr_line' id='line_1_17' title="bbox 1157 2513 1626 2578; baseline -0.004 0"><span class='ocrx_word' id='word_1_99' title='bbox 1157 2513 1220 2578; x_wconf 86' lang='lat' dir='ltr'>S.</span> <span class='ocrx_word' id='word_1_100' title='bbox 1267 2514 1626 2578; x_wconf 73' lang='lat' dir='ltr'>munckerus.</span> 
     </span>
    </p>
   </div>
   <div class='ocr_carea' id='block_1_6' title="bbox 1356 2158 1570 2174">
    <p class='ocr_par' dir='ltr' id='par_1_6' title="bbox 1356 2158 1570 2174">
     <span class='ocr_line' id='line_1_18' title="bbox 1356 2158 1570 2174; baseline 0 3035"><span class='ocrx_word' id='word_1_101' title='bbox 1356 2158 1570 2174; x_wconf 95' lang='lat' dir='ltr'> </span> 
     </span>
    </p>
   </div>
   <div class='ocr_carea' id='block_1_7' title="bbox 363 2651 2423 2958">
    <p class='ocr_par' dir='ltr' id='par_1_7' title="bbox 363 2651 2423 2958">
     <span class='ocr_line' id='line_1_19' title="bbox 407 2651 2423 2718; baseline -0 -1"><span class='ocrx_word' id='word_1_102' title='bbox 407 2675 413 2684; x_wconf 82' lang='grc'><strong>’</strong></span> <span class='ocrx_word' id='word_1_103' title='bbox 469 2653 657 2718; x_wconf 81' lang='lat' dir='ltr'>Mittit</span> <span class='ocrx_word' id='word_1_104' title='bbox 715 2675 964 2718; x_wconf 87' lang='lat' dir='ltr'>carmen</span> <span class='ocrx_word' id='word_1_105' title='bbox 1030 2654 1288 2718; x_wconf 85' lang='lat' dir='ltr'>funebre</span> <span class='ocrx_word' id='word_1_106' title='bbox 1347 2655 1407 2716; x_wconf 91' lang='lat' dir='ltr'>in</span> <span class='ocrx_word' id='word_1_107' title='bbox 1457 2659 1805 2717; x_wconf 87' lang='lat' dir='ltr'>matronam</span> <span class='ocrx_word' id='word_1_108' title='bbox 1856 2652 1925 2716; x_wconf 80' lang='lat' dir='ltr'>G.</span> <span class='ocrx_word' id='word_1_109' title='bbox 1978 2651 2057 2716; x_wconf 91' lang='lat' dir='ltr'>ab</span> <span class='ocrx_word' id='word_1_110' title='bbox 2108 2651 2423 2716; x_wconf 80' lang='lat' dir='ltr'>Haa-rsma</span> 
     </span>
     <span class='ocr_line' id='line_1_20' title="bbox 366 2771 2422 2858; baseline -0.002 -20"><span class='ocrx_word' id='word_1_111' title='bbox 366 2781 432 2838; x_wconf 87' lang='lat' dir='ltr'>et</span> <span class='ocrx_word' id='word_1_112' title='bbox 484 2782 664 2858; x_wconf 87' lang='lat' dir='ltr'>rogat</span> <span class='ocrx_word' id='word_1_113' title='bbox 710 2773 1094 2838; x_wconf 88' lang='lat' dir='ltr'>Broukhusii</span> <span class='ocrx_word' id='word_1_114' title='bbox 1144 2773 1459 2836; x_wconf 87' lang='lat' dir='ltr'>iudicium.</span> <span class='ocrx_word' id='word_1_115' title='bbox 1500 2812 1585 2819; x_wconf 89' lang='lat'>—</span> <span class='ocrx_word' id='word_1_116' title='bbox 1626 2771 1888 2857; x_wconf 84' lang='lat' dir='ltr'>„Nuper</span> <span class='ocrx_word' id='word_1_117' title='bbox 1922 2793 2131 2836; x_wconf 83' lang='lat' dir='ltr'>coram</span> <span class='ocrx_word' id='word_1_118' title='bbox 2178 2772 2422 2835; x_wconf 86' lang='lat' dir='ltr'>voluisti</span> 
     </span>
     <span class='ocr_line' id='line_1_21' title="bbox 363 2889 2277 2958; baseline -0.001 -2"><span class='ocrx_word' id='word_1_119' title='bbox 363 2902 438 2956; x_wconf 91' lang='lat' dir='ltr'>ut</span> <span class='ocrx_word' id='word_1_120' title='bbox 498 2894 940 2958; x_wconf 81' lang='lat' dir='ltr'>commercium</span> <span class='ocrx_word' id='word_1_121' title='bbox 987 2900 1265 2957; x_wconf 87' lang='lat' dir='ltr'>nostrum</span> <span class='ocrx_word' id='word_1_122' title='bbox 1315 2892 1681 2956; x_wconf 86' lang='lat' dir='ltr'>litterarium</span> <span class='ocrx_word' id='word_1_123' title='bbox 1729 2889 2277 2955; x_wconf 85' lang='lat' dir='ltr'>instauraremus.&#39;’</span> 
     </span>
    </p>
   </div>
   <div class='ocr_carea' id='block_1_8' title="bbox 470 3007 1990 3098">
    <p class='ocr_par' dir='ltr' id='par_1_8' title="bbox 470 3007 1990 3098">
     <span class='ocr_line' id='line_1_22' title="bbox 470 3007 1990 3098; baseline -0.001 -24"><span class='ocrx_word' id='word_1_124' title='bbox 470 3011 898 3097; x_wconf 87' lang='lat' dir='ltr'>Leovardiae,</span> <span class='ocrx_word' id='word_1_125' title='bbox 951 3012 1109 3098; x_wconf 89' lang='lat' dir='ltr'>prid.</span> <span class='ocrx_word' id='word_1_126' title='bbox 1160 3011 1303 3076; x_wconf 81' lang='lat' dir='ltr'>Kal.</span> <span class='ocrx_word' id='word_1_127' title='bbox 1357 3010 1544 3076; x_wconf 87' lang='lat' dir='ltr'>Mart:</span> <span class='ocrx_word' id='word_1_128' title='bbox 1600 3007 1990 3076; x_wconf 79' lang='lat' dir='ltr'>GIOIOVIG.</span> 
     </span>
    </p>
   </div>
   <div class='ocr_carea' id='block_1_9' title="bbox 1296 3234 1486 3315">
    <p class='ocr_par' dir='ltr' id='par_1_9' title="bbox 1296 3234 1486 3315">
     <span class='ocr_line' id='line_1_23' title="bbox 1296 3234 1486 3315; baseline -0.016 -18"><span class='ocrx_word' id='word_1_129' title='bbox 1296 3235 1379 3297; x_wconf 83' lang='lat'>95</span> <span class='ocrx_word' id='word_1_130' title='bbox 1419 3234 1486 3315; x_wconf 84' lang='lat'>2).</span> 
     </span>
    </p>
   </div>
   <div class='ocr_carea' id='block_1_10' title="bbox 1143 3372 1839 3565">
    <p class='ocr_par' dir='ltr' id='par_1_10' title="bbox 1143 3372 1839 3565">
     <span class='ocr_line' id='line_1_24' title="bbox 1143 3372 1681 3437; baseline -0.002 -1"><span class='ocrx_word' id='word_1_131' title='bbox 1143 3373 1280 3436; x_wconf 81' lang='lat' dir='ltr'>lano</span> <span class='ocrx_word' id='word_1_132' title='bbox 1327 3372 1681 3437; x_wconf 79' lang='lat' dir='ltr'>Broukhusio</span> 
     </span>
     <span class='ocr_line' id='line_1_25' title="bbox 1170 3483 1839 3565; baseline 0 -19"><span class='ocrx_word' id='word_1_133' title='bbox 1170 3484 1291 3547; x_wconf 86' lang='lat' dir='ltr'>loh.</span> <span class='ocrx_word' id='word_1_134' title='bbox 1338 3483 1647 3565; x_wconf 71' lang='lat' dir='ltr'>Mensinqa.</span> <span class='ocrx_word' id='word_1_135' title='bbox 1750 3515 1755 3522; x_wconf 96' lang='lat'><em>·</em></span> <span class='ocrx_word' id='word_1_136' title='bbox 1829 3507 1839 3516; x_wconf 95' lang='lat'><em>·</em></span> 
     </span>
    </p>
   </div>
   <div class='ocr_carea' id='block_1_11' title="bbox 380 3620 2436 4306">
    <p class='ocr_par' dir='ltr' id='par_1_11' title="bbox 380 3620 2436 4306">
     <span class='ocr_line' id='line_1_26' title="bbox 475 3620 2434 3710; baseline -0.001 -25"><span class='ocrx_word' id='word_1_137' title='bbox 475 3622 827 3708; x_wconf 78' lang='lat' dir='ltr'>Epistolam</span> <span class='ocrx_word' id='word_1_138' title='bbox 898 3624 1283 3689; x_wconf 85' lang='lat' dir='ltr'>Broukhusii</span> <span class='ocrx_word' id='word_1_139' title='bbox 1355 3624 1617 3710; x_wconf 89' lang='lat' dir='ltr'>accepit.</span> <span class='ocrx_word' id='word_1_140' title='bbox 1695 3622 2082 3701; x_wconf 81' lang='lat' dir='ltr'>„Consilium</span> <span class='ocrx_word' id='word_1_141' title='bbox 2132 3628 2305 3684; x_wconf 91' lang='lat' dir='ltr'>tuum</span> <span class='ocrx_word' id='word_1_142' title='bbox 2356 3620 2434 3684; x_wconf 91' lang='lat' dir='ltr'>de</span> 
     </span>
     <span class='ocr_line' id='line_1_27' title="bbox 381 3741 2435 3829; baseline -0.001 -24"><span class='ocrx_word' id='word_1_143' title='bbox 381 3744 679 3827; x_wconf 83' lang='lat' dir='ltr'>cogendis</span> <span class='ocrx_word' id='word_1_144' title='bbox 759 3745 957 3829; x_wconf 88' lang='lat' dir='ltr'>copijs</span> <span class='ocrx_word' id='word_1_145' title='bbox 1030 3745 1185 3808; x_wconf 88' lang='lat' dir='ltr'>meis</span> <span class='ocrx_word' id='word_1_146' title='bbox 1262 3744 1468 3808; x_wconf 85' lang='lat' dir='ltr'>forsan</span> <span class='ocrx_word' id='word_1_147' title='bbox 1548 3744 1997 3828; x_wconf 84' lang='lat' dir='ltr'>amplecterer,</span> <span class='ocrx_word' id='word_1_148' title='bbox 2073 3742 2125 3803; x_wconf 89' lang='lat' dir='ltr'>si</span> <span class='ocrx_word' id='word_1_149' title='bbox 2185 3741 2435 3804; x_wconf 80' lang='lat' dir='ltr'>daretur</span> 
     </span>
     <span class='ocr_line' id='line_1_28' title="bbox 381 3860 2433 3946; baseline -0 -21"><span class='ocrx_word' id='word_1_150' title='bbox 381 3863 565 3946; x_wconf 87' lang='lat' dir='ltr'>copia</span> <span class='ocrx_word' id='word_1_151' title='bbox 613 3863 728 3925; x_wconf 89' lang='lat' dir='ltr'>hos</span> <span class='ocrx_word' id='word_1_152' title='bbox 778 3863 978 3927; x_wconf 85' lang='lat' dir='ltr'>foetus</span> <span class='ocrx_word' id='word_1_153' title='bbox 1031 3863 1214 3926; x_wconf 88' lang='lat' dir='ltr'>rudes</span> <span class='ocrx_word' id='word_1_154' title='bbox 1269 3863 1564 3927; x_wconf 84' lang='lat' dir='ltr'>exactiori</span> <span class='ocrx_word' id='word_1_155' title='bbox 1614 3863 1799 3926; x_wconf 88' lang='lat' dir='ltr'>limae</span> <span class='ocrx_word' id='word_1_156' title='bbox 1842 3861 2257 3945; x_wconf 83' lang='lat' dir='ltr'>committere3</span> <span class='ocrx_word' id='word_1_157' title='bbox 2312 3860 2433 3924; x_wconf 91' lang='lat' dir='ltr'>hoc</span> 
     </span>
     <span class='ocr_line' id='line_1_29' title="bbox 381 3979 2429 4067; baseline -0 -25"><span class='ocrx_word' id='word_1_158' title='bbox 381 4001 528 4043; x_wconf 89' lang='lat' dir='ltr'>cum</span> <span class='ocrx_word' id='word_1_159' title='bbox 577 4002 612 4044; x_wconf 86' lang='lat' dir='ltr'>a</span> <span class='ocrx_word' id='word_1_160' title='bbox 661 3982 906 4045; x_wconf 89' lang='lat' dir='ltr'>nemine</span> <span class='ocrx_word' id='word_1_161' title='bbox 957 3988 1172 4067; x_wconf 88' lang='lat' dir='ltr'>petere</span> <span class='ocrx_word' id='word_1_162' title='bbox 1224 3981 1467 4063; x_wconf 86' lang='lat' dir='ltr'>ausim,</span> <span class='ocrx_word' id='word_1_163' title='bbox 1524 3988 1583 4043; x_wconf 89' lang='lat' dir='ltr'>et</span> <span class='ocrx_word' id='word_1_164' title='bbox 1631 3980 1733 4042; x_wconf 90' lang='lat' dir='ltr'>hic</span> <span class='ocrx_word' id='word_1_165' title='bbox 1781 3979 2051 4042; x_wconf 89' lang='lat' dir='ltr'>habeam</span> <span class='ocrx_word' id='word_1_166' title='bbox 2087 3979 2429 4062; x_wconf 90' lang='lat' dir='ltr'>neminem,</span> 
     </span>
     <span class='ocr_line' id='line_1_30' title="bbox 383 4099 2436 4185; baseline 0 -24"><span class='ocrx_word' id='word_1_167' title='bbox 383 4119 423 4161; x_wconf 85' lang='lat' dir='ltr'>a</span> <span class='ocrx_word' id='word_1_168' title='bbox 476 4119 596 4185; x_wconf 91' lang='lat' dir='ltr'>quo</span> <span class='ocrx_word' id='word_1_169' title='bbox 656 4100 776 4163; x_wconf 91' lang='lat' dir='ltr'>hoc</span> <span class='ocrx_word' id='word_1_170' title='bbox 827 4100 1188 4163; x_wconf 84' lang='lat' dir='ltr'>desiderare</span> <span class='ocrx_word' id='word_1_171' title='bbox 1238 4101 1514 4185; x_wconf 86' lang='lat' dir='ltr'>possim,</span> <span class='ocrx_word' id='word_1_172' title='bbox 1572 4106 1631 4162; x_wconf 90' lang='lat' dir='ltr'>et</span> <span class='ocrx_word' id='word_1_173' title='bbox 1671 4099 1961 4162; x_wconf 86' lang='lat' dir='ltr'>valetudo</span> <span class='ocrx_word' id='word_1_174' title='bbox 2011 4119 2252 4162; x_wconf 85' lang='lat' dir='ltr'>moram</span> <span class='ocrx_word' id='word_1_175' title='bbox 2300 4099 2436 4162; x_wconf 91' lang='lat' dir='ltr'>lon-</span> 
     </span>
     <span class='ocr_line' id='line_1_31' title="bbox 380 4216 2428 4306; baseline -0 -26"><span class='ocrx_word' id='word_1_176' title='bbox 380 4218 624 4302; x_wconf 84' lang='lat' dir='ltr'>giorem</span> <span class='ocrx_word' id='word_1_177' title='bbox 678 4219 783 4280; x_wconf 84' lang='lat' dir='ltr'>vix</span> <span class='ocrx_word' id='word_1_178' title='bbox 831 4219 1190 4305; x_wconf 79' lang='lat' dir='ltr'>permittat,</span> <span class='ocrx_word' id='word_1_179' title='bbox 1244 4240 1362 4282; x_wconf 89' lang='lat' dir='ltr'>non</span> <span class='ocrx_word' id='word_1_180' title='bbox 1417 4226 1543 4303; x_wconf 82' lang='lat' dir='ltr'>est,</span> <span class='ocrx_word' id='word_1_181' title='bbox 1600 4216 1766 4306; x_wconf 86' lang='lat' dir='ltr'>quod</span> <span class='ocrx_word' id='word_1_182' title='bbox 1816 4217 1894 4281; x_wconf 89' lang='lat' dir='ltr'>de</span> <span class='ocrx_word' id='word_1_183' title='bbox 1927 4217 2024 4280; x_wconf 88' lang='lat' dir='ltr'>his</span> <span class='ocrx_word' id='word_1_184' title='bbox 2060 4217 2219 4280; x_wconf 88' lang='lat' dir='ltr'>curis</span> <span class='ocrx_word' id='word_1_185' title='bbox 2253 4217 2428 4300; x_wconf 80' lang='lat' dir='ltr'>meiS,</span> 
     </span>
    </p>
   </div>
   <div class='ocr_carea' id='block_1_12' title="bbox 407 4368 791 4380">
    <p class='ocr_par' dir='ltr' id='par_1_12' title="bbox 407 4368 791 4380">
     <span class='ocr_line' id='line_1_32' title="bbox 407 4368 791 4380; baseline 0 829"><span class='ocrx_word' id='word_1_186' title='bbox 407 4368 791 4380; x_wconf 95' lang='lat' dir='ltr'> </span> 
     </span>
    </p>
   </div>
   <div class='ocr_carea' id='block_1_13' title="bbox 378 4370 1569 4572">
    <p class='ocr_par' dir='ltr' id='par_1_13' title="bbox 378 4370 1569 4572">
     <span class='ocr_line' id='line_1_33' title="bbox 378 4370 1569 4490; baseline -0.003 -18"><span class='ocrx_word' id='word_1_187' title='bbox 378 4370 400 4376; x_wconf 49' lang='lat'>-</span> <span class='ocrx_word' id='word_1_188' title='bbox 481 4411 525 4486; x_wconf 87' lang='lat'>¹)</span> <span class='ocrx_word' id='word_1_189' title='bbox 613 4413 686 4470; x_wconf 93' lang='lat' dir='ltr'>In</span> <span class='ocrx_word' id='word_1_190' title='bbox 729 4413 1114 4474; x_wconf 81' lang='lat' dir='ltr'>Bibliotheca</span> <span class='ocrx_word' id='word_1_191' title='bbox 1157 4413 1569 4490; x_wconf 86' lang='lat' dir='ltr'>Lugdunensi.</span> 
     </span>
     <span class='ocr_line' id='line_1_34' title="bbox 473 4495 866 4572; baseline -0.005 -14"><span class='ocrx_word' id='word_1_192' title='bbox 473 4495 526 4572; x_wconf 86' lang='lat'>2)</span> <span class='ocrx_word' id='word_1_193' title='bbox 613 4499 866 4558; x_wconf 89' lang='lat' dir='ltr'>Ibidem.</span> 
     </span>
    </p>
   </div>
  </div>
 </body>
</html>
