<?xml version="1.0" encoding="UTF-8"?>
<!DOCTYPE html PUBLIC "-//W3C//DTD XHTML 1.0 Transitional//EN"
    "http://www.w3.org/TR/xhtml1/DTD/xhtml1-transitional.dtd">
<html xmlns="http://www.w3.org/1999/xhtml" xml:lang="en" lang="en">
 <head>
  <title>
</title>
<meta http-equiv="Content-Type" content="text/html;charset=utf-8" />
  <meta name='ocr-system' content='tesseract 3.04.00' />
  <meta name='ocr-capabilities' content='ocr_page ocr_carea ocr_par ocr_line ocrx_word'/>
</head>
<body>
  <div class='ocr_page' id='page_1' title='image "./epistolaeselect00worpgoog_0166.png"; bbox 0 0 2975 5209; ppageno 0'>
   <div class='ocr_carea' id='block_1_1' title="bbox 1464 429 1596 494">
    <p class='ocr_par' dir='ltr' id='par_1_1' title="bbox 1464 429 1596 494">
     <span class='ocr_line' id='line_1_1' title="bbox 1464 429 1596 494; baseline 0 -1"><span class='ocrx_word' id='word_1_1' title='bbox 1464 429 1596 494; x_wconf 81' lang='lat'>152</span> 
     </span>
    </p>
   </div>
   <div class='ocr_carea' id='block_1_2' title="bbox 503 623 2603 2977">
    <p class='ocr_par' dir='ltr' id='par_1_2' title="bbox 503 623 2603 2977">
     <span class='ocr_line' id='line_1_2' title="bbox 506 623 2557 713; baseline 0.001 -25"><span class='ocrx_word' id='word_1_2' title='bbox 506 623 880 710; x_wconf 88' lang='lat' dir='ltr'>ubicumque</span> <span class='ocrx_word' id='word_1_3' title='bbox 951 625 1066 692; x_wconf 83' lang='lat' dir='ltr'>tibi</span> <span class='ocrx_word' id='word_1_4' title='bbox 1137 625 1532 712; x_wconf 84' lang='lat' dir='ltr'>displicuero.</span> <span class='ocrx_word' id='word_1_5' title='bbox 1644 626 1783 691; x_wconf 90' lang='lat' dir='ltr'>Non</span> <span class='ocrx_word' id='word_1_6' title='bbox 1857 625 2141 691; x_wconf 87' lang='lat' dir='ltr'>monebis</span> <span class='ocrx_word' id='word_1_7' title='bbox 2210 625 2557 713; x_wconf 70' lang='lat' dir='ltr'>ingratum,</span> 
     </span>
     <span class='ocr_line' id='line_1_3' title="bbox 504 741 2562 832; baseline -0 -26"><span class='ocrx_word' id='word_1_8' title='bbox 504 763 703 830; x_wconf 90' lang='lat' dir='ltr'>neque</span> <span class='ocrx_word' id='word_1_9' title='bbox 747 764 865 828; x_wconf 86' lang='lat' dir='ltr'>ego</span> <span class='ocrx_word' id='word_1_10' title='bbox 915 765 1212 832; x_wconf 91' lang='lat' dir='ltr'>umquam</span> <span class='ocrx_word' id='word_1_11' title='bbox 1262 763 1503 809; x_wconf 87' lang='lat' dir='ltr'>errores</span> <span class='ocrx_word' id='word_1_12' title='bbox 1552 750 1793 809; x_wconf 83' lang='lat' dir='ltr'>veteres</span> <span class='ocrx_word' id='word_1_13' title='bbox 1842 744 2019 809; x_wconf 87' lang='lat' dir='ltr'>novis</span> <span class='ocrx_word' id='word_1_14' title='bbox 2068 743 2291 809; x_wconf 86' lang='lat' dir='ltr'>tuebor</span> <span class='ocrx_word' id='word_1_15' title='bbox 2338 741 2562 808; x_wconf 83' lang='lat' dir='ltr'>errori-</span> 
     </span>
     <span class='ocr_line' id='line_1_4' title="bbox 505 859 2561 950; baseline -0 -25"><span class='ocrx_word' id='word_1_16' title='bbox 505 861 640 926; x_wconf 90' lang='lat' dir='ltr'>bus.</span> <span class='ocrx_word' id='word_1_17' title='bbox 740 861 826 927; x_wconf 89' lang='lat' dir='ltr'>Et</span> <span class='ocrx_word' id='word_1_18' title='bbox 870 864 1087 948; x_wconf 89' lang='lat' dir='ltr'>pulcre</span> <span class='ocrx_word' id='word_1_19' title='bbox 1119 864 1319 948; x_wconf 85' lang='lat' dir='ltr'>nosti,</span> <span class='ocrx_word' id='word_1_20' title='bbox 1359 871 1653 950; x_wconf 86' lang='lat' dir='ltr'>quantum</span> <span class='ocrx_word' id='word_1_21' title='bbox 1686 863 1839 928; x_wconf 88' lang='lat' dir='ltr'>mihi</span> <span class='ocrx_word' id='word_1_22' title='bbox 1868 863 2027 927; x_wconf 89' lang='lat' dir='ltr'>haec</span> <span class='ocrx_word' id='word_1_23' title='bbox 2058 862 2217 927; x_wconf 90' lang='lat' dir='ltr'>ratio</span> <span class='ocrx_word' id='word_1_24' title='bbox 2252 859 2561 928; x_wconf 81' lang='lat' dir='ltr'>scribendi</span> 
     </span>
     <span class='ocr_line' id='line_1_5' title="bbox 505 981 2558 1070; baseline 0 -25"><span class='ocrx_word' id='word_1_25' title='bbox 505 982 895 1046; x_wconf 87' lang='lat' dir='ltr'>stomachum</span> <span class='ocrx_word' id='word_1_26' title='bbox 943 1005 1132 1070; x_wconf 89' lang='lat' dir='ltr'>saepe</span> <span class='ocrx_word' id='word_1_27' title='bbox 1178 983 1395 1048; x_wconf 86' lang='lat' dir='ltr'>fecerit</span> <span class='ocrx_word' id='word_1_28' title='bbox 1445 984 1505 1047; x_wconf 89' lang='lat' dir='ltr'>in</span> <span class='ocrx_word' id='word_1_29' title='bbox 1554 981 1770 1047; x_wconf 87' lang='lat' dir='ltr'>Attilis</span> <span class='ocrx_word' id='word_1_30' title='bbox 1817 982 2233 1047; x_wconf 89' lang='lat' dir='ltr'>Leidensibus</span> <span class='ocrx_word' id='word_1_31' title='bbox 2274 983 2347 1068; x_wconf 69' lang='lat'>¹),</span> <span class='ocrx_word' id='word_1_32' title='bbox 2412 981 2520 1068; x_wconf 89' lang='lat' dir='ltr'>qui</span> <span class='ocrx_word' id='word_1_33' title='bbox 2540 1031 2558 1067; x_wconf 86' lang='lat'>,</span> 
     </span>
     <span class='ocr_line' id='line_1_6' title="bbox 507 1101 2603 1188; baseline 0 -23"><span class='ocrx_word' id='word_1_34' title='bbox 507 1102 561 1166; x_wconf 89' lang='lat' dir='ltr'>si</span> <span class='ocrx_word' id='word_1_35' title='bbox 606 1101 758 1188; x_wconf 88' lang='lat' dir='ltr'>ipsis</span> <span class='ocrx_word' id='word_1_36' title='bbox 809 1101 887 1166; x_wconf 89' lang='lat' dir='ltr'>de</span> <span class='ocrx_word' id='word_1_37' title='bbox 936 1124 1004 1167; x_wconf 90' lang='lat' dir='ltr'>se</span> <span class='ocrx_word' id='word_1_38' title='bbox 1055 1102 1379 1188; x_wconf 79' lang='lat' dir='ltr'>credatur,</span> <span class='ocrx_word' id='word_1_39' title='bbox 1455 1123 1791 1188; x_wconf 81' lang='lat' dir='ltr'><strong>numquam</strong></span> <span class='ocrx_word' id='word_1_40' title='bbox 1845 1109 2065 1166; x_wconf 75' lang='lat' dir='ltr'>errant.</span> <span class='ocrx_word' id='word_1_41' title='bbox 2166 1101 2603 1188; x_wconf 34' lang='lat' dir='ltr'>Propertium-</span> 
     </span>
     <span class='ocr_line' id='line_1_7' title="bbox 508 1219 2559 1308; baseline 0 -24"><span class='ocrx_word' id='word_1_42' title='bbox 508 1220 818 1286; x_wconf 84' lang='lat' dir='ltr'>Danicum</span> <span class='ocrx_word' id='word_1_43' title='bbox 866 1221 1033 1307; x_wconf 90' lang='lat' dir='ltr'>quod</span> <span class='ocrx_word' id='word_1_44' title='bbox 1082 1243 1120 1286; x_wconf 87' lang='lat' dir='ltr'>a</span> <span class='ocrx_word' id='word_1_45' title='bbox 1166 1243 1268 1287; x_wconf 92' lang='lat' dir='ltr'>me</span> <span class='ocrx_word' id='word_1_46' title='bbox 1315 1222 1581 1308; x_wconf 74' lang='lat' dir='ltr'>repetiS,</span> <span class='ocrx_word' id='word_1_47' title='bbox 1620 1221 1883 1284; x_wconf 87' lang='lat' dir='ltr'>multum</span> <span class='ocrx_word' id='word_1_48' title='bbox 1912 1221 2119 1286; x_wconf 86' lang='lat' dir='ltr'>miror.</span> <span class='ocrx_word' id='word_1_49' title='bbox 2197 1219 2340 1306; x_wconf 84' lang='lat' dir='ltr'>Ego</span> <span class='ocrx_word' id='word_1_50' title='bbox 2376 1242 2559 1306; x_wconf 87' lang='lat' dir='ltr'>eum,</span> 
     </span>
     <span class='ocr_line' id='line_1_8' title="bbox 503 1340 2564 1427; baseline 0 -24"><span class='ocrx_word' id='word_1_51' title='bbox 503 1340 641 1424; x_wconf 85' lang='lat' dir='ltr'>jam</span> <span class='ocrx_word' id='word_1_52' title='bbox 686 1341 890 1427; x_wconf 89' lang='lat' dir='ltr'>ipsum</span> <span class='ocrx_word' id='word_1_53' title='bbox 942 1341 1270 1406; x_wconf 83' lang='lat' dir='ltr'>triennium</span> <span class='ocrx_word' id='word_1_54' title='bbox 1320 1349 1448 1426; x_wconf 84' lang='lat' dir='ltr'>est,</span> <span class='ocrx_word' id='word_1_55' title='bbox 1506 1341 1586 1404; x_wconf 89' lang='lat' dir='ltr'>ad</span> <span class='ocrx_word' id='word_1_56' title='bbox 1636 1350 1697 1404; x_wconf 87' lang='lat' dir='ltr'>te</span> <span class='ocrx_word' id='word_1_57' title='bbox 1744 1341 1958 1405; x_wconf 90' lang='lat' dir='ltr'>remisi</span> <span class='ocrx_word' id='word_1_58' title='bbox 1989 1362 2103 1426; x_wconf 89' lang='lat' dir='ltr'>per</span> <span class='ocrx_word' id='word_1_59' title='bbox 2140 1340 2564 1405; x_wconf 87' lang='lat' dir='ltr'>Burmannum</span> 
     </span>
     <span class='ocr_line' id='line_1_9' title="bbox 512 1459 2564 1547; baseline 0 -23"><span class='ocrx_word' id='word_1_60' title='bbox 512 1465 825 1544; x_wconf 87' lang='lat' dir='ltr'>nostrum,</span> <span class='ocrx_word' id='word_1_61' title='bbox 876 1461 1092 1547; x_wconf 90' lang='lat' dir='ltr'>paullo</span> <span class='ocrx_word' id='word_1_62' title='bbox 1143 1467 1286 1525; x_wconf 88' lang='lat' dir='ltr'>ante</span> <span class='ocrx_word' id='word_1_63' title='bbox 1338 1481 1523 1546; x_wconf 86' lang='lat' dir='ltr'>quam</span> <span class='ocrx_word' id='word_1_64' title='bbox 1576 1481 1656 1524; x_wconf 84' lang='lat' dir='ltr'>ex</span> <span class='ocrx_word' id='word_1_65' title='bbox 1707 1459 1861 1524; x_wconf 89' lang='lat' dir='ltr'>urbe</span> <span class='ocrx_word' id='word_1_66' title='bbox 1908 1461 2031 1524; x_wconf 89' lang='lat' dir='ltr'>huc</span> <span class='ocrx_word' id='word_1_67' title='bbox 2065 1460 2564 1546; x_wconf 86' lang='lat' dir='ltr'>commigrarem.</span> 
     </span>
     <span class='ocr_line' id='line_1_10' title="bbox 515 1555 2571 1667; baseline 0 -26"><span class='ocrx_word' id='word_1_68' title='bbox 515 1578 637 1651; x_wconf 83' lang='lat' dir='ltr'>Qui</span> <span class='ocrx_word' id='word_1_69' title='bbox 695 1578 946 1644; x_wconf 89' lang='lat' dir='ltr'>libellus</span> <span class='ocrx_word' id='word_1_70' title='bbox 1015 1580 1068 1644; x_wconf 93' lang='lat' dir='ltr'>si</span> <span class='ocrx_word' id='word_1_71' title='bbox 1132 1580 1356 1667; x_wconf 84' lang='lat' dir='ltr'>periit,</span> <span class='ocrx_word' id='word_1_72' title='bbox 1423 1601 1546 1643; x_wconf 88' lang='lat' dir='ltr'>non</span> <span class='ocrx_word' id='word_1_73' title='bbox 1608 1587 1702 1645; x_wconf 89' lang='lat' dir='ltr'>est</span> <span class='ocrx_word' id='word_1_74' title='bbox 1754 1601 1983 1664; x_wconf 85' lang='lat' dir='ltr'>magna</span> <span class='ocrx_word' id='word_1_75' title='bbox 2022 1555 2309 1665; x_wconf 58' lang='lat' dir='ltr'>jacturass</span> <span class='ocrx_word' id='word_1_76' title='bbox 2363 1580 2571 1644; x_wconf 88' lang='lat' dir='ltr'>omnia</span> 
     </span>
     <span class='ocr_line' id='line_1_11' title="bbox 515 1697 2571 1784; baseline -0.001 -22"><span class='ocrx_word' id='word_1_77' title='bbox 515 1697 680 1762; x_wconf 89' lang='lat' dir='ltr'>enim</span> <span class='ocrx_word' id='word_1_78' title='bbox 755 1719 874 1783; x_wconf 89' lang='lat' dir='ltr'>ego</span> <span class='ocrx_word' id='word_1_79' title='bbox 945 1720 1134 1780; x_wconf 89' lang='lat' dir='ltr'>manu</span> <span class='ocrx_word' id='word_1_80' title='bbox 1209 1721 1352 1764; x_wconf 90' lang='lat' dir='ltr'>mea</span> <span class='ocrx_word' id='word_1_81' title='bbox 1428 1699 1788 1764; x_wconf 88' lang='lat' dir='ltr'>fidelissime</span> <span class='ocrx_word' id='word_1_82' title='bbox 1839 1699 2110 1784; x_wconf 84' lang='lat' dir='ltr'>enotavi,</span> <span class='ocrx_word' id='word_1_83' title='bbox 2162 1698 2327 1763; x_wconf 92' lang='lat' dir='ltr'>unde</span> <span class='ocrx_word' id='word_1_84' title='bbox 2373 1698 2571 1762; x_wconf 88' lang='lat' dir='ltr'>Danis</span> 
     </span>
     <span class='ocr_line' id='line_1_12' title="bbox 515 1816 2571 1904; baseline 0 -23"><span class='ocrx_word' id='word_1_85' title='bbox 515 1816 695 1882; x_wconf 88' lang='lat' dir='ltr'>reddi</span> <span class='ocrx_word' id='word_1_86' title='bbox 738 1823 947 1904; x_wconf 85' lang='lat' dir='ltr'>potest</span> <span class='ocrx_word' id='word_1_87' title='bbox 993 1817 1060 1882; x_wconf 89' lang='lat' dir='ltr'>id</span> <span class='ocrx_word' id='word_1_88' title='bbox 1111 1816 1274 1904; x_wconf 91' lang='lat' dir='ltr'>quod</span> <span class='ocrx_word' id='word_1_89' title='bbox 1322 1818 1504 1882; x_wconf 90' lang='lat' dir='ltr'>nobis</span> <span class='ocrx_word' id='word_1_90' title='bbox 1551 1818 1673 1904; x_wconf 92' lang='lat' dir='ltr'>ipsi</span> <span class='ocrx_word' id='word_1_91' title='bbox 1718 1818 2173 1904; x_wconf 85' lang='lat' dir='ltr'>praestiterunt.</span> <span class='ocrx_word' id='word_1_92' title='bbox 2278 1818 2571 1883; x_wconf 83' lang='lat' dir='ltr'>Commo-</span> 
     </span>
     <span class='ocr_line' id='line_1_13' title="bbox 515 1935 2571 2002; baseline 0 -2"><span class='ocrx_word' id='word_1_93' title='bbox 515 1935 666 2000; x_wconf 89' lang='lat' dir='ltr'>dum</span> <span class='ocrx_word' id='word_1_94' title='bbox 741 1937 964 2002; x_wconf 85' lang='lat' dir='ltr'>accidit</span> <span class='ocrx_word' id='word_1_95' title='bbox 1034 1944 1101 2000; x_wconf 85' lang='lat' dir='ltr'>ut</span> <span class='ocrx_word' id='word_1_96' title='bbox 1173 1935 1252 2001; x_wconf 92' lang='lat' dir='ltr'>ad</span> <span class='ocrx_word' id='word_1_97' title='bbox 1326 1958 1432 2002; x_wconf 92' lang='lat' dir='ltr'>eos</span> <span class='ocrx_word' id='word_1_98' title='bbox 1510 1937 1913 2002; x_wconf 81' lang='lat' dir='ltr'>destinaveris</span> <span class='ocrx_word' id='word_1_99' title='bbox 1970 1939 2215 2002; x_wconf 86' lang='lat' dir='ltr'>mittere</span> <span class='ocrx_word' id='word_1_100' title='bbox 2264 1943 2461 2002; x_wconf 86' lang='lat' dir='ltr'>emtos</span> <span class='ocrx_word' id='word_1_101' title='bbox 2511 1938 2571 2000; x_wconf 87' lang='lat' dir='ltr'>in</span> 
     </span>
     <span class='ocr_line' id='line_1_14' title="bbox 521 2035 2576 2142; baseline 0 -23"><span class='ocrx_word' id='word_1_102' title='bbox 521 2055 806 2120; x_wconf 80' lang='lat' dir='ltr'>auctione</span> <span class='ocrx_word' id='word_1_103' title='bbox 870 2055 1174 2120; x_wconf 86' lang='lat' dir='ltr'>Wittiana</span> <span class='ocrx_word' id='word_1_104' title='bbox 1207 2057 1258 2141; x_wconf 85' lang='grc'>2)</span> <span class='ocrx_word' id='word_1_105' title='bbox 1307 2057 1541 2142; x_wconf 84' lang='lat' dir='ltr'>libros3</span> <span class='ocrx_word' id='word_1_106' title='bbox 1596 2035 1879 2120; x_wconf 73' lang='lat' dir='ltr'>constitui</span> <span class='ocrx_word' id='word_1_107' title='bbox 1929 2057 2090 2121; x_wconf 90' lang='lat' dir='ltr'>enim</span> <span class='ocrx_word' id='word_1_108' title='bbox 2140 2078 2257 2142; x_wconf 86' lang='lat' dir='ltr'>ego</span> <span class='ocrx_word' id='word_1_109' title='bbox 2309 2056 2430 2120; x_wconf 92' lang='lat' dir='ltr'>duo</span> <span class='ocrx_word' id='word_1_110' title='bbox 2465 2055 2576 2120; x_wconf 91' lang='lat' dir='ltr'>ad-</span> 
     </span>
     <span class='ocr_line' id='line_1_15' title="bbox 517 2174 2574 2262; baseline 0 -23"><span class='ocrx_word' id='word_1_111' title='bbox 517 2174 666 2241; x_wconf 84' lang='lat' dir='ltr'>dere</span> <span class='ocrx_word' id='word_1_112' title='bbox 741 2177 1126 2262; x_wconf 86' lang='lat' dir='ltr'>exemplaria</span> <span class='ocrx_word' id='word_1_113' title='bbox 1195 2176 1321 2241; x_wconf 91' lang='lat' dir='ltr'>mei</span> <span class='ocrx_word' id='word_1_114' title='bbox 1398 2176 1710 2262; x_wconf 85' lang='lat' dir='ltr'>Propertii</span> <span class='ocrx_word' id='word_1_115' title='bbox 1779 2196 1903 2239; x_wconf 87' lang='lat' dir='ltr'>una</span> <span class='ocrx_word' id='word_1_116' title='bbox 1979 2198 2121 2240; x_wconf 93' lang='lat' dir='ltr'>cum</span> <span class='ocrx_word' id='word_1_117' title='bbox 2192 2177 2353 2261; x_wconf 88' lang='lat' dir='ltr'>illis,</span> <span class='ocrx_word' id='word_1_118' title='bbox 2414 2197 2574 2260; x_wconf 87' lang='lat' dir='ltr'>quae</span> 
     </span>
     <span class='ocr_line' id='line_1_16' title="bbox 515 2293 2575 2381; baseline 0.001 -23"><span class='ocrx_word' id='word_1_119' title='bbox 515 2293 853 2380; x_wconf 89' lang='lat' dir='ltr'>Vindingio</span> <span class='ocrx_word' id='word_1_120' title='bbox 905 2297 1122 2360; x_wconf 84' lang='lat' dir='ltr'>dentur</span> <span class='ocrx_word' id='word_1_121' title='bbox 1171 2317 1244 2360; x_wconf 87' lang='lat' dir='ltr'>ac</span> <span class='ocrx_word' id='word_1_122' title='bbox 1291 2295 1633 2360; x_wconf 84' lang='lat' dir='ltr'>Wolfenio.</span> <span class='ocrx_word' id='word_1_123' title='bbox 1716 2295 1839 2360; x_wconf 88' lang='lat' dir='ltr'>Illa</span> <span class='ocrx_word' id='word_1_124' title='bbox 1888 2296 2020 2362; x_wconf 86' lang='lat' dir='ltr'>sive</span> <span class='ocrx_word' id='word_1_125' title='bbox 2067 2302 2133 2360; x_wconf 83' lang='lat' dir='ltr'>tu</span> <span class='ocrx_word' id='word_1_126' title='bbox 2167 2295 2249 2360; x_wconf 87' lang='lat' dir='ltr'>ad</span> <span class='ocrx_word' id='word_1_127' title='bbox 2280 2317 2395 2360; x_wconf 80' lang='lat' dir='ltr'>vos</span> <span class='ocrx_word' id='word_1_128' title='bbox 2427 2317 2575 2381; x_wconf 89' lang='lat' dir='ltr'>por-</span> 
     </span>
     <span class='ocr_line' id='line_1_17' title="bbox 516 2415 2575 2502; baseline -0.001 -22"><span class='ocrx_word' id='word_1_129' title='bbox 516 2415 635 2480; x_wconf 87' lang='lat' dir='ltr'>tari</span> <span class='ocrx_word' id='word_1_130' title='bbox 681 2416 888 2502; x_wconf 76' lang='lat' dir='ltr'>voleS,</span> <span class='ocrx_word' id='word_1_131' title='bbox 942 2417 1072 2482; x_wconf 83' lang='lat' dir='ltr'>sive</span> <span class='ocrx_word' id='word_1_132' title='bbox 1122 2417 1348 2481; x_wconf 83' lang='lat' dir='ltr'>rectius</span> <span class='ocrx_word' id='word_1_133' title='bbox 1397 2417 1458 2478; x_wconf 93' lang='lat' dir='ltr'>in</span> <span class='ocrx_word' id='word_1_134' title='bbox 1512 2417 1630 2479; x_wconf 87' lang='lat' dir='ltr'>hac</span> <span class='ocrx_word' id='word_1_135' title='bbox 1679 2415 1835 2480; x_wconf 89' lang='lat' dir='ltr'>urbe</span> <span class='ocrx_word' id='word_1_136' title='bbox 1886 2417 2086 2480; x_wconf 86' lang='lat' dir='ltr'>curari</span> <span class='ocrx_word' id='word_1_137' title='bbox 2131 2421 2425 2501; x_wconf 80' lang='lat' dir='ltr'>possunt,</span> <span class='ocrx_word' id='word_1_138' title='bbox 2473 2415 2575 2478; x_wconf 84' lang='lat' dir='ltr'>fac</span> 
     </span>
     <span class='ocr_line' id='line_1_18' title="bbox 517 2531 2578 2621; baseline -0.001 -25"><span class='ocrx_word' id='word_1_139' title='bbox 517 2534 578 2598; x_wconf 87' lang='lat' dir='ltr'>in</span> <span class='ocrx_word' id='word_1_140' title='bbox 644 2541 926 2621; x_wconf 89' lang='lat' dir='ltr'>tempore</span> <span class='ocrx_word' id='word_1_141' title='bbox 973 2556 1086 2620; x_wconf 87' lang='lat' dir='ltr'>per</span> <span class='ocrx_word' id='word_1_142' title='bbox 1133 2535 1434 2598; x_wconf 84' lang='lat' dir='ltr'>Halmam</span> <span class='ocrx_word' id='word_1_143' title='bbox 1483 2541 1587 2597; x_wconf 84' lang='lat' dir='ltr'>aut</span> <span class='ocrx_word' id='word_1_144' title='bbox 1634 2533 2056 2598; x_wconf 86' lang='lat' dir='ltr'>Wetstenium</span> <span class='ocrx_word' id='word_1_145' title='bbox 2104 2534 2315 2598; x_wconf 89' lang='lat' dir='ltr'>sciam.</span> <span class='ocrx_word' id='word_1_146' title='bbox 2414 2531 2578 2595; x_wconf 87' lang='lat' dir='ltr'>Bur-</span> 
     </span>
     <span class='ocr_line' id='line_1_19' title="bbox 517 2651 2582 2738; baseline -0.001 -21"><span class='ocrx_word' id='word_1_147' title='bbox 517 2653 725 2717; x_wconf 82' lang='lat' dir='ltr'>manni</span> <span class='ocrx_word' id='word_1_148' title='bbox 792 2655 986 2718; x_wconf 86' lang='lat' dir='ltr'>nostri</span> <span class='ocrx_word' id='word_1_149' title='bbox 1056 2655 1396 2719; x_wconf 89' lang='lat' dir='ltr'>orationem</span> <span class='ocrx_word' id='word_1_150' title='bbox 1471 2653 1653 2718; x_wconf 87' lang='lat' dir='ltr'>avide</span> <span class='ocrx_word' id='word_1_151' title='bbox 1732 2652 2017 2718; x_wconf 87' lang='lat' dir='ltr'>desidero</span> <span class='ocrx_word' id='word_1_152' title='bbox 2082 2654 2151 2738; x_wconf 76' lang='lat'>²³).</span> <span class='ocrx_word' id='word_1_153' title='bbox 2251 2651 2415 2717; x_wconf 84' lang='lat' dir='ltr'>Vale</span> <span class='ocrx_word' id='word_1_154' title='bbox 2490 2651 2582 2716; x_wconf 88' lang='lat' dir='ltr'>mi</span> 
     </span>
     <span class='ocr_line' id='line_1_20' title="bbox 521 2770 2577 2859; baseline -0.001 -23"><span class='ocrx_word' id='word_1_155' title='bbox 521 2771 836 2836; x_wconf 81' lang='lat' dir='ltr'>carissime</span> <span class='ocrx_word' id='word_1_156' title='bbox 907 2793 981 2837; x_wconf 89' lang='lat' dir='ltr'>ac</span> <span class='ocrx_word' id='word_1_157' title='bbox 1045 2773 1495 2857; x_wconf 86' lang='lat' dir='ltr'>jucundissime</span> <span class='ocrx_word' id='word_1_158' title='bbox 1566 2779 1775 2859; x_wconf 85' lang='lat' dir='ltr'>pater,</span> <span class='ocrx_word' id='word_1_159' title='bbox 1859 2778 1921 2838; x_wconf 86' lang='lat' dir='ltr'>et</span> <span class='ocrx_word' id='word_1_160' title='bbox 1979 2793 2113 2858; x_wconf 88' lang='lat' dir='ltr'>me,</span> <span class='ocrx_word' id='word_1_161' title='bbox 2170 2770 2339 2857; x_wconf 89' lang='lat' dir='ltr'>quod</span> <span class='ocrx_word' id='word_1_162' title='bbox 2386 2770 2577 2856; x_wconf 84' lang='lat' dir='ltr'>facis,</span> 
     </span>
     <span class='ocr_line' id='line_1_21' title="bbox 521 2910 995 2977; baseline 0.004 -23"><span class='ocrx_word' id='word_1_163' title='bbox 521 2910 733 2954; x_wconf 87' lang='lat' dir='ltr'>amare</span> <span class='ocrx_word' id='word_1_164' title='bbox 779 2910 995 2977; x_wconf 87' lang='lat' dir='ltr'>perge.</span> 
     </span>
    </p>
   </div>
   <div class='ocr_carea' id='block_1_3' title="bbox 613 2991 2579 3472">
    <p class='ocr_par' dir='ltr' id='par_1_3' title="bbox 613 2991 2579 3472">
     <span class='ocr_line' id='line_1_22' title="bbox 613 2991 2579 3094; baseline 0.001 -22"><span class='ocrx_word' id='word_1_165' title='bbox 613 3006 962 3074; x_wconf 90' lang='lat' dir='ltr'>Amstelod.</span> <span class='ocrx_word' id='word_1_166' title='bbox 1014 3010 1076 3074; x_wconf 90' lang='lat' dir='ltr'>in</span> <span class='ocrx_word' id='word_1_167' title='bbox 1127 3031 1336 3076; x_wconf 90' lang='lat' dir='ltr'>eremo</span> <span class='ocrx_word' id='word_1_168' title='bbox 1387 2991 1771 3075; x_wconf 85' lang='lat' dir='ltr'>suburbano.</span> <span class='ocrx_word' id='word_1_169' title='bbox 1829 3013 1911 3076; x_wconf 83' lang='grc'>27</span> <span class='ocrx_word' id='word_1_170' title='bbox 1956 3010 2255 3076; x_wconf 85' lang='lat' dir='ltr'>Februar.</span> <span class='ocrx_word' id='word_1_171' title='bbox 2299 3011 2476 3074; x_wconf 83' lang='grc'><strong>1702</strong></span> <span class='ocrx_word' id='word_1_172' title='bbox 2505 3010 2579 3094; x_wconf 82' lang='lat'>4).</span> 
     </span>
     <span class='ocr_line' id='line_1_23' title="bbox 1424 3189 1689 3255; baseline -0.008 0"><span class='ocrx_word' id='word_1_173' title='bbox 1424 3189 1689 3255; x_wconf 81' lang='lat' dir='ltr'>CXXX.</span> 
     </span>
     <span class='ocr_line' id='line_1_24' title="bbox 1245 3305 1861 3371; baseline -0.005 0"><span class='ocrx_word' id='word_1_174' title='bbox 1245 3306 1553 3371; x_wconf 70' lang='lat' dir='ltr'>francisco</span> <span class='ocrx_word' id='word_1_175' title='bbox 1600 3305 1861 3370; x_wconf 80' lang='lat' dir='ltr'>Hosselio</span> 
     </span>
     <span class='ocr_line' id='line_1_25' title="bbox 1245 3407 1863 3472; baseline -0.005 0"><span class='ocrx_word' id='word_1_176' title='bbox 1245 3409 1413 3472; x_wconf 81' lang='lat' dir='ltr'>lanus</span> <span class='ocrx_word' id='word_1_177' title='bbox 1460 3407 1863 3472; x_wconf 81' lang='lat' dir='ltr'>Broukhusius.</span> 
     </span>
    </p>
   </div>
   <div class='ocr_carea' id='block_1_4' title="bbox 623 3519 2588 3608">
    <p class='ocr_par' dir='ltr' id='par_1_4' title="bbox 623 3519 2588 3608">
     <span class='ocr_line' id='line_1_26' title="bbox 623 3519 2588 3608; baseline -0.001 -24"><span class='ocrx_word' id='word_1_178' title='bbox 623 3519 806 3594; x_wconf 84' lang='lat' dir='ltr'>Quod</span> <span class='ocrx_word' id='word_1_179' title='bbox 873 3527 1000 3586; x_wconf 86' lang='lat' dir='ltr'>tam</span> <span class='ocrx_word' id='word_1_180' title='bbox 1065 3522 1262 3588; x_wconf 89' lang='lat' dir='ltr'>amice</span> <span class='ocrx_word' id='word_1_181' title='bbox 1336 3530 1590 3608; x_wconf 85' lang='lat' dir='ltr'>tamque</span> <span class='ocrx_word' id='word_1_182' title='bbox 1656 3521 1993 3586; x_wconf 86' lang='lat' dir='ltr'>honorifice</span> <span class='ocrx_word' id='word_1_183' title='bbox 2052 3520 2243 3584; x_wconf 89' lang='lat' dir='ltr'>sentis</span> <span class='ocrx_word' id='word_1_184' title='bbox 2314 3519 2393 3583; x_wconf 91' lang='lat' dir='ltr'>de</span> <span class='ocrx_word' id='word_1_185' title='bbox 2442 3540 2588 3584; x_wconf 89' lang='lat' dir='ltr'>meo</span> 
     </span>
    </p>
   </div>
   <div class='ocr_carea' id='block_1_5' title="bbox 1498 3125 1727 3142">
    <p class='ocr_par' dir='ltr' id='par_1_5' title="bbox 1498 3125 1727 3142">
     <span class='ocr_line' id='line_1_27' title="bbox 1498 3125 1727 3142; baseline 0 2067"><span class='ocrx_word' id='word_1_186' title='bbox 1498 3125 1727 3142; x_wconf 95' lang='lat' dir='ltr'> </span> 
     </span>
    </p>
   </div>
   <div class='ocr_carea' id='block_1_6' title="bbox 529 3638 938 3646">
    <p class='ocr_par' dir='ltr' id='par_1_6' title="bbox 529 3638 938 3646">
     <span class='ocr_line' id='line_1_28' title="bbox 529 3638 938 3646; baseline 0 0"><span class='ocrx_word' id='word_1_187' title='bbox 529 3638 938 3646; x_wconf 95' lang='lat' dir='ltr'> </span> 
     </span>
    </p>
   </div>
   <div class='ocr_carea' id='block_1_7' title="bbox 527 3672 2597 4609">
    <p class='ocr_par' dir='ltr' id='par_1_7' title="bbox 527 3672 2594 3906">
     <span class='ocr_line' id='line_1_29' title="bbox 625 3672 2593 3754; baseline -0.002 -20"><span class='ocrx_word' id='word_1_188' title='bbox 625 3673 667 3750; x_wconf 90' lang='lat'>¹)</span> <span class='ocrx_word' id='word_1_189' title='bbox 757 3675 1073 3754; x_wconf 82' lang='lat' dir='ltr'>Significat</span> <span class='ocrx_word' id='word_1_190' title='bbox 1135 3677 1513 3735; x_wconf 85' lang='lat' dir='ltr'>Perizonium</span> <span class='ocrx_word' id='word_1_191' title='bbox 1578 3682 1637 3735; x_wconf 87' lang='lat' dir='ltr'>et</span> <span class='ocrx_word' id='word_1_192' title='bbox 1682 3676 1983 3734; x_wconf 68' lang='lat' dir='ltr'>‚Iacobum</span> <span class='ocrx_word' id='word_1_193' title='bbox 2021 3673 2421 3748; x_wconf 81' lang='lat' dir='ltr'>Gronovium‚</span> <span class='ocrx_word' id='word_1_194' title='bbox 2455 3672 2593 3749; x_wconf 88' lang='lat' dir='ltr'>qui-</span> 
     </span>
     <span class='ocr_line' id='line_1_30' title="bbox 528 3757 2594 3838; baseline -0.001 -18"><span class='ocrx_word' id='word_1_195' title='bbox 528 3762 779 3820; x_wconf 83' lang='lat' dir='ltr'>buscum</span> <span class='ocrx_word' id='word_1_196' title='bbox 844 3763 913 3820; x_wconf 91' lang='lat' dir='ltr'>B.</span> <span class='ocrx_word' id='word_1_197' title='bbox 983 3781 1174 3838; x_wconf 87' lang='lat' dir='ltr'>usque</span> <span class='ocrx_word' id='word_1_198' title='bbox 1241 3762 1315 3820; x_wconf 89' lang='lat' dir='ltr'>ad</span> <span class='ocrx_word' id='word_1_199' title='bbox 1375 3767 1632 3820; x_wconf 86' lang='lat' dir='ltr'>mortem</span> <span class='ocrx_word' id='word_1_200' title='bbox 1692 3780 1864 3818; x_wconf 70' lang='lat' dir='ltr'>suam</span> <span class='ocrx_word' id='word_1_201' title='bbox 1929 3759 2346 3838; x_wconf 86' lang='lat' dir='ltr'>implacabiles</span> <span class='ocrx_word' id='word_1_202' title='bbox 2403 3757 2594 3836; x_wconf 82' lang='lat' dir='ltr'>gessit</span> 
     </span>
     <span class='ocr_line' id='line_1_31' title="bbox 527 3846 893 3906; baseline 0 -2"><span class='ocrx_word' id='word_1_203' title='bbox 527 3846 893 3906; x_wconf 69' lang='lat' dir='ltr'>inimicitiae.</span> 
     </span>
    </p>

    <p class='ocr_par' dir='ltr' id='par_1_8' title="bbox 532 3927 2593 4076">
     <span class='ocr_line' id='line_1_32' title="bbox 616 3927 2593 4008; baseline -0.002 -17"><span class='ocrx_word' id='word_1_204' title='bbox 616 3932 661 4005; x_wconf 82' lang='lat'>²)</span> <span class='ocrx_word' id='word_1_205' title='bbox 747 3932 840 3991; x_wconf 88' lang='lat' dir='ltr'>De</span> <span class='ocrx_word' id='word_1_206' title='bbox 901 3931 1119 3991; x_wconf 84' lang='lat' dir='ltr'>Wittio</span> <span class='ocrx_word' id='word_1_207' title='bbox 1177 3930 1318 3990; x_wconf 79' lang='lat' dir='ltr'>vide</span> <span class='ocrx_word' id='word_1_208' title='bbox 1364 3931 1440 3989; x_wconf 89' lang='lat' dir='ltr'>ad</span> <span class='ocrx_word' id='word_1_209' title='bbox 1486 3930 1677 4008; x_wconf 85' lang='lat' dir='ltr'>Epist.</span> <span class='ocrx_word' id='word_1_210' title='bbox 1725 3929 1982 3989; x_wconf 91' lang='lat' dir='ltr'>LXXX.</span> <span class='ocrx_word' id='word_1_211' title='bbox 2042 3929 2253 3988; x_wconf 87' lang='lat' dir='ltr'>Mense</span> <span class='ocrx_word' id='word_1_212' title='bbox 2292 3927 2593 3988; x_wconf 62' lang='lat' dir='ltr'>‚Ianuario</span> 
     </span>
     <span class='ocr_line' id='line_1_33' title="bbox 532 4017 1022 4076; baseline 0 -2"><span class='ocrx_word' id='word_1_213' title='bbox 532 4035 586 4074; x_wconf 91' lang='lat' dir='ltr'>a.</span> <span class='ocrx_word' id='word_1_214' title='bbox 640 4019 798 4076; x_wconf 91' lang='grc'><strong>1701</strong></span> <span class='ocrx_word' id='word_1_215' title='bbox 850 4017 1022 4075; x_wconf 86' lang='lat' dir='ltr'>obiit.</span> 
     </span>
    </p>

    <p class='ocr_par' dir='ltr' id='par_1_9' title="bbox 529 4097 2596 4330">
     <span class='ocr_line' id='line_1_34' title="bbox 619 4097 2596 4174; baseline -0.001 -16"><span class='ocrx_word' id='word_1_216' title='bbox 619 4097 669 4174; x_wconf 76' lang='grc'>3)</span> <span class='ocrx_word' id='word_1_217' title='bbox 757 4103 1142 4160; x_wconf 87' lang='lat' dir='ltr'>Burmannus</span> <span class='ocrx_word' id='word_1_218' title='bbox 1223 4101 1278 4159; x_wconf 92' lang='lat' dir='ltr'>d.</span> <span class='ocrx_word' id='word_1_219' title='bbox 1362 4100 1517 4157; x_wconf 88' lang='lat' dir='ltr'>XIV</span> <span class='ocrx_word' id='word_1_220' title='bbox 1585 4099 1789 4158; x_wconf 83' lang='lat' dir='ltr'>Martii</span> <span class='ocrx_word' id='word_1_221' title='bbox 1858 4099 2211 4158; x_wconf 72' lang='lat' dir='ltr'>Orationem</span> <span class='ocrx_word' id='word_1_222' title='bbox 2273 4099 2596 4157; x_wconf 86' lang='lat' dir='ltr'>funebrem</span> 
     </span>
     <span class='ocr_line' id='line_1_35' title="bbox 529 4184 2595 4262; baseline -0.001 -18"><span class='ocrx_word' id='word_1_223' title='bbox 529 4185 748 4245; x_wconf 83' lang='lat' dir='ltr'>habuit</span> <span class='ocrx_word' id='word_1_224' title='bbox 793 4187 856 4244; x_wconf 91' lang='lat' dir='ltr'>in</span> <span class='ocrx_word' id='word_1_225' title='bbox 904 4187 1134 4244; x_wconf 86' lang='lat' dir='ltr'>obitum</span> <span class='ocrx_word' id='word_1_226' title='bbox 1181 4186 1519 4244; x_wconf 89' lang='lat' dir='ltr'>Hermanni</span> <span class='ocrx_word' id='word_1_227' title='bbox 1564 4203 1682 4243; x_wconf 85' lang='lat' dir='ltr'>van</span> <span class='ocrx_word' id='word_1_228' title='bbox 1708 4185 1943 4258; x_wconf 85' lang='lat' dir='ltr'>Halen,</span> <span class='ocrx_word' id='word_1_229' title='bbox 1968 4185 2341 4262; x_wconf 83' lang='lat' dir='ltr'>Theologiae</span> <span class='ocrx_word' id='word_1_230' title='bbox 2362 4184 2595 4262; x_wconf 86' lang='lat' dir='ltr'>profes-</span> 
     </span>
     <span class='ocr_line' id='line_1_36' title="bbox 529 4270 1577 4330; baseline -0.004 0"><span class='ocrx_word' id='word_1_231' title='bbox 529 4272 683 4330; x_wconf 87' lang='lat' dir='ltr'>soris</span> <span class='ocrx_word' id='word_1_232' title='bbox 726 4272 786 4330; x_wconf 90' lang='lat' dir='ltr'>in</span> <span class='ocrx_word' id='word_1_233' title='bbox 835 4271 1169 4330; x_wconf 86' lang='lat' dir='ltr'>Academia</span> <span class='ocrx_word' id='word_1_234' title='bbox 1215 4270 1577 4330; x_wconf 76' lang='lat' dir='ltr'>Traiectina.</span> 
     </span>
    </p>

    <p class='ocr_par' dir='ltr' id='par_1_10' title="bbox 533 4353 2597 4609">
     <span class='ocr_line' id='line_1_37' title="bbox 620 4353 2597 4434; baseline 0.001 -20"><span class='ocrx_word' id='word_1_235' title='bbox 620 4353 671 4431; x_wconf 74' lang='lat'>⁴)</span> <span class='ocrx_word' id='word_1_236' title='bbox 761 4357 871 4416; x_wconf 85' lang='lat' dir='ltr'>Est</span> <span class='ocrx_word' id='word_1_237' title='bbox 933 4357 1086 4415; x_wconf 90' lang='lat' dir='ltr'>haec</span> <span class='ocrx_word' id='word_1_238' title='bbox 1141 4362 1450 4434; x_wconf 84' lang='lat' dir='ltr'>postrema</span> <span class='ocrx_word' id='word_1_239' title='bbox 1495 4373 1673 4432; x_wconf 88' lang='lat' dir='ltr'>quam</span> <span class='ocrx_word' id='word_1_240' title='bbox 1716 4353 1838 4412; x_wconf 85' lang='lat' dir='ltr'>vidi</span> <span class='ocrx_word' id='word_1_241' title='bbox 1870 4354 2124 4433; x_wconf 82' lang='lat' dir='ltr'>epistola</span> <span class='ocrx_word' id='word_1_242' title='bbox 2154 4353 2597 4415; x_wconf 87' lang='lat' dir='ltr'>aBroukhusio</span> 
     </span>
     <span class='ocr_line' id='line_1_38' title="bbox 533 4439 2597 4501; baseline -0.001 -1"><span class='ocrx_word' id='word_1_243' title='bbox 533 4441 612 4500; x_wconf 85' lang='lat' dir='ltr'>ad</span> <span class='ocrx_word' id='word_1_244' title='bbox 691 4442 1016 4501; x_wconf 85' lang='lat' dir='ltr'>Graevium</span> <span class='ocrx_word' id='word_1_245' title='bbox 1085 4441 1245 4500; x_wconf 86' lang='lat' dir='ltr'>data.</span> <span class='ocrx_word' id='word_1_246' title='bbox 1339 4439 1633 4499; x_wconf 79' lang='lat' dir='ltr'>Graevius</span> <span class='ocrx_word' id='word_1_247' title='bbox 1690 4457 1897 4498; x_wconf 89' lang='lat' dir='ltr'>mense</span> <span class='ocrx_word' id='word_1_248' title='bbox 1957 4441 2249 4499; x_wconf 86' lang='lat' dir='ltr'>Januario</span> <span class='ocrx_word' id='word_1_249' title='bbox 2308 4459 2362 4499; x_wconf 90' lang='lat' dir='ltr'>a.</span> <span class='ocrx_word' id='word_1_250' title='bbox 2431 4441 2597 4498; x_wconf 80' lang='lat'><strong>1⁷03</strong></span> 
     </span>
     <span class='ocr_line' id='line_1_39' title="bbox 535 4525 2597 4609; baseline -0.001 -24"><span class='ocrx_word' id='word_1_251' title='bbox 535 4525 718 4602; x_wconf 78' lang='lat' dir='ltr'>obiit3</span> <span class='ocrx_word' id='word_1_252' title='bbox 777 4528 848 4586; x_wconf 94' lang='lat' dir='ltr'>B.</span> <span class='ocrx_word' id='word_1_253' title='bbox 904 4527 960 4585; x_wconf 89' lang='lat' dir='ltr'>d.</span> <span class='ocrx_word' id='word_1_254' title='bbox 1022 4526 1141 4585; x_wconf 88' lang='lat' dir='ltr'>XV</span> <span class='ocrx_word' id='word_1_255' title='bbox 1198 4525 1338 4585; x_wconf 83' lang='lat' dir='ltr'>Jan.</span> <span class='ocrx_word' id='word_1_256' title='bbox 1375 4542 1618 4588; x_wconf 86' lang='lat' dir='ltr'>carmen</span> <span class='ocrx_word' id='word_1_257' title='bbox 1660 4525 1915 4588; x_wconf 82' lang='lat' dir='ltr'>funebre</span> <span class='ocrx_word' id='word_1_258' title='bbox 1960 4526 2296 4609; x_wconf 84' lang='lat' dir='ltr'>composuit</span> <span class='ocrx_word' id='word_1_259' title='bbox 2338 4527 2597 4608; x_wconf 87' lang='lat' dir='ltr'>(Poem.‚</span> 
     </span>
    </p>
   </div>
   <div class='ocr_carea' id='block_1_8' title="bbox 537 4613 2119 4710">
    <p class='ocr_par' dir='ltr' id='par_1_11' title="bbox 537 4613 2119 4710">
     <span class='ocr_line' id='line_1_40' title="bbox 537 4613 2119 4710; baseline -0.001 -40"><span class='ocrx_word' id='word_1_260' title='bbox 537 4630 678 4710; x_wconf 77' lang='lat' dir='ltr'>pag.</span> <span class='ocrx_word' id='word_1_261' title='bbox 727 4613 898 4692; x_wconf 82' lang='lat'>287).</span> <span class='ocrx_word' id='word_1_262' title='bbox 2112 4624 2119 4647; x_wconf 87' lang='lat'><strong><em>¹</em></strong></span> 
     </span>
    </p>
   </div>
  </div>
 </body>
</html>
