2975 5209
1545 477 1677 543 130

583 699 703 743 non
752 677 885 742 sine
929 696 1177 741 summa
1207 675 1393 740 animi
1425 674 1751 762 voluptate
1783 675 1966 740 simul
2000 697 2075 742 ac
2108 674 2343 742 dolore.
2402 675 2637 740 Fuisse

581 799 752 862 illam
816 796 1073 861 summis
1123 816 1375 882 semper
1421 795 1755 860 virtutibus
1805 796 2203 882 conspicuam
2254 817 2467 861 omnes
2516 797 2647 858 soi-

584 918 783 982 vimus
824 920 906 1002 ¹);
959 925 1024 980 tu
1071 935 1222 979 vero
1274 916 1467 978 multa
1512 910 1629 978 'nos
1678 913 1943 978 docuisti
1976 915 2323 980 domestica
2358 916 2642 1000 cujusvis

582 1037 826 1123 generis
877 1035 1208 1122 exempla,
1260 1055 1419 1120 quae
1471 1035 1659 1098 nostri
1707 1035 1829 1099 loci
1863 1035 2314 1120 atqueordinis
2349 1033 2639 1098 homines

581 1156 799 1221 fallere
847 1154 977 1220 fere
1026 1176 1099 1219 ac
1146 1153 1362 1239 fugere
1411 1154 1629 1218 solent.
1731 1152 1815 1217 Et
1846 1153 2006 1217 haec
2038 1163 2177 1217 sunt
2209 1155 2319 1218 illa
2354 1154 2433 1218 ad
2470 1175 2638 1241 quae

487 1331 492 1338 .
586 1276 755 1361 exigi
820 1274 1008 1340 debet
1073 1296 1276 1339 rerum
1346 1274 1667 1338 sinceritas
1743 1274 1801 1336 in
1864 1273 2165 1338 altissima
2212 1274 2320 1338 illa
2368 1274 2635 1338 fortuna.

587 1395 793 1469 Quare
868 1415 973 1460 eas
1044 1395 1156 1459 tibi
1229 1395 1460 1480 gratias
1535 1414 1693 1479 ago,
1771 1415 1923 1479 quas
1994 1413 2095 1457 me
2144 1414 2331 1478 agere
2382 1399 2633 1478 oportet

582 1537 697 1602 pro
746 1515 864 1578 ista
910 1513 1220 1578 luculenta
1267 1514 1354 1577 tui
1407 1535 1555 1597 erga
1608 1534 1705 1577 me
1740 1513 1966 1576 amoris
2003 1513 2446 1577 testificatione.
2528 1511 2636 1576 De

582 1634 910 1722 Propertio
985 1632 1152 1719 quod
1227 1653 1477 1716 mones,
1556 1639 1800 1716 gratum
1875 1640 1984 1695 est.
2086 1629 2291 1696 Notae
2346 1632 2407 1695 in
2454 1632 2633 1695 illum

584 1774 763 1818 meae
819 1759 986 1818 caste
1037 1773 1110 1816 ac
1159 1751 1383 1838 pudice
1440 1752 1501 1814 in
1554 1751 1790 1815 scriniis
1841 1751 2185 1836 habentur,
2239 1773 2437 1838 neque
2484 1751 2639 1816 ode-

583 1882 722 1937 runt
794 1873 998 1936 claves
1075 1879 1135 1936 et
1209 1871 1431 1955 sigilla.
1537 1870 1706 1934 Cave
1781 1878 1987 1934 autem
2054 1881 2235 1958 putes
2283 1871 2643 1957 prodituras

580 2013 907 2079 umquam,
961 1991 1076 2054 nisi
1121 1989 1292 2076 prius
1343 1990 1458 2053 sub
1511 1998 1685 2052 tuum
1732 1991 1957 2053 missae
2006 1989 2231 2054 fuerint
2280 1989 2599 2054 arbitrium

583 2103 681 2166 Tu
729 2124 885 2167 unus
935 2101 1209 2165 omnium
1259 2101 1415 2164 nosti
1466 2100 1733 2185 optime,
1780 2122 1976 2186 quam
2026 2122 2247 2186 parum
2296 2123 2398 2164 me
2436 2101 2647 2165 titillet

582 2223 788 2288 famae
859 2220 1063 2285 nescio
1138 2221 1313 2304 cujus
1391 2221 1697 2306 prm-itas,
1778 2242 1977 2307 neque
2049 2222 2250 2306 magis
2333 2229 2393 2286 te
2440 2221 2635 2306 fugit,

587 2362 772 2429 quam
819 2339 1081 2404 sollicite
1130 2339 1315 2402 animi
1365 2361 1595 2423 angar,
1650 2361 1725 2403 ne
1767 2340 1915 2426 quid
1949 2340 2096 2404 olim
2134 2341 2304 2404 dicar
2338 2340 2639 2405 effudisse

585 2459 1062 2547 praecipitanter
1111 2458 1290 2520 nimis
1339 2466 1525 2544 atque
1571 2458 2048 2524 inconsiderate.
2154 2458 2462 2532 Quocirca
2494 2460 2640 2545 pig-

587 2600 768 2644 neror
834 2577 1208 2665 promissum
1276 2586 1488 2662 tuum,
1544 2595 1730 2664 utque
1782 2579 2004 2642 horula
2055 2579 2262 2666 aliqua
2311 2579 2643 2643 subseciva

587 2696 1161 2785 chartophylacium
1212 2705 1384 2762 tuum
1431 2698 1492 2760 in
1528 2699 1774 2761 amiculi
1810 2698 2073 2783 gratiam
2110 2706 2401 2762 excutere
2438 2698 2589 2761 velis
2611 2747 2629 2782 ‚

589 2839 983 2904 summopere
1051 2818 1164 2881 abs
1231 2827 1290 2881 te
1358 2818 1681 2883 contendo.
1782 2817 2026 2883 Eadem
2091 2840 2286 2905 opera
2334 2825 2396 2882 et
2443 2818 2633 2882 rebus

585 2937 742 3002 meis
813 2937 1192 3022 paupertinis
1264 2937 1634 3001 subventum
1708 2938 1873 3020 ibis,
1960 2947 2021 3002 et
2094 2939 2331 3023 optimo
2409 2942 2641 3024 poetae

589 3060 934 3122 consultum
983 3079 1122 3121 cum
1177 3058 1567 3122 meritissimo
1617 3058 1840 3143 plausu
1898 3058 2180 3122 literatae
2230 3057 2633 3143 posteritatis.

593 3178 694 3243 De
742 3177 1001 3263 repertis
1051 3177 1219 3260 (nam
1272 3178 1438 3241 credi
1489 3183 1772 3264 poterant
1820 3177 2105 3262 periisse)
2156 3175 2469 3260 Rutgersii
2509 3174 2641 3238 Ve-

593 3297 822 3362 nusinis
890 3296 1291 3360 Lectionibus
1363 3305 1456 3360 est
1528 3295 1691 3383 quod
1761 3295 1938 3359 nobis
2009 3302 2069 3359 et
2127 3293 2303 3358 bonis
2356 3293 2647 3358 omnibus

592 3417 991 3502 gratulemur.
1093 3413 1235 3498 Ego
1287 3435 1393 3478 eas
1444 3423 1586 3500 post
1635 3421 1905 3495 text-um,
1960 3421 2027 3475 ut
2078 3419 2339 3495 vocant,
2392 3411 2645 3474 Horatii

594 3536 760 3600 solas
835 3534 935 3599 edi
1009 3535 1229 3628 cupi0‚
1306 3534 1543 3620 absque
1619 3535 1761 3596 ullis
1842 3533 1936 3596 vel
2012 3533 2167 3596 meis
2220 3533 2317 3596 vel
2367 3531 2645 3615 cujusvis

595 3653 844 3718 alterius
912 3650 1206 3737 phaleris.
1306 3650 1579 3730 Fateor,
1657 3650 1851 3713 multa.
1914 3651 2064 3714 mihi
2107 3651 2242 3735 jam
2290 3651 2531 3737 pridem
2582 3651 2646 3713 in

594 3794 736 3839 eum
786 3776 1038 3859 poetam
1089 3771 1457 3854 observata,
1513 3791 1631 3833 non
1686 3769 1854 3832 nulla
1904 3770 2133 3846 etiam,
2173 3769 2289 3832 nisi
2322 3768 2457 3854 ipso
2493 3767 2649 3832 mihi

593 3891 913 3977 blandior,
991 3911 1109 3953 non
1184 3889 1439 3975 pessimi
1514 3888 1791 3973 saporis,
1870 3909 2083 3952 verum
2159 3888 2368 3951 omnia
2439 3887 2647 3951 adhuc

597 4010 884 4096 confusa,
936 4009 1280 4095 indigesta,
1335 4016 1394 4072 et
1432 4008 1538 4070 vix
1572 4028 1772 4070 annuo
1808 4006 2024 4070 labore
2060 4007 2451 4093 explicanda.
2510 4005 2651 4070 Est

597 4131 761 4196 enim
809 4149 885 4194 ea
931 4134 1186 4193 naturae
1235 4148 1414 4192 meae
1465 4126 1763 4208 tarditas,
1816 4127 1874 4187 in
1929 4126 2023 4188 his
2059 4125 2309 4211 quidem
2342 4125 2645 4210 negotiis,

594 4257 663 4314 ut
708 4248 914 4312 nullus
961 4247 1041 4310 sit
1088 4244 1516 4333 typographus
1567 4245 1724 4308 adeo
1776 4245 1990 4329 piger,
2031 4244 2188 4308 adeo
2224 4243 2647 4328 testudinem,

695 4408 736 4484 1)
822 4411 892 4468 Β.
960 4409 1229 4467 carmina
1293 4407 1573 4466 funebria
1640 4407 1876 4484 scripsit
1922 4408 1983 4464 in
2038 4405 2335 4484 Reginam
2384 4406 2647 4479 (Pomm,

595 4515 736 4576 pag.
788 4497 942 4571 117,
989 4494 1157 4567 283).
