2975 5209
1436 442 1521 507 33

446 638 726 724 serenio.
827 636 968 701 Misi
1037 643 1256 723 postea
1310 658 1449 701 eam
1500 638 1703 724 ipsam
1752 636 1832 701 ad
1880 637 2251 723 Francium3
2302 658 2503 723 neque

443 758 499 820 is
553 756 819 821 tradidit.
901 754 1114 819 Credit
1151 742 1334 820 'enim‘
1376 757 1570 843 (quod
1620 758 1779 850 inter
1831 778 1941 844 nos
1990 758 2231 842 pereat)
2280 736 2505 842 parum

448 877 588 962 spei
656 876 994 961 repositum
1065 896 1203 939 esse
1271 876 1330 939 in
1392 875 1819 959 Marseveni0‚
1874 876 2038 962 quod
2088 875 2240 939 mihi
2291 884 2504 940 contra

447 996 697 1059 videtur
769 996 1253 1083 quotiescunque
1320 1018 1567 1061 mecum
1616 1004 1835 1081 reputo
1887 1016 2072 1083 quam
2120 997 2313 1059 multa
2362 1018 2502 1059 cum

447 1116 639 1203 laude
689 1114 774 1218 de¹
817 1138 890 1180 eo
940 1116 1414 1206 praedicaveris,
1518 1116 1693 1179 Mitto
1741 1137 1904 1180 nunc
1955 1118 2261 1201 elegiam,
2318 1139 2502 1203 quam

447 1258 674 1323 precor
737 1246 802 1299 ut
872 1238 952 1300 ad
1020 1236 1114 1300 Ol.
1187 1236 1519 1300 Heinsium
1593 1236 1909 1301 transferri
1960 1259 2174 1321 cures;
2227 1239 2505 1303 intellexi

450 1357 616 1421 enim
667 1378 745 1421 ex
795 1356 1043 1420 Francii
1092 1357 1282 1420 nostri
1323 1357 1515 1420 literis
1550 1357 1756 1443 ipsum
1790 1378 1926 1421 esse
1960 1356 2219 1421 Vianae.
2251 1357 2502 1422 Vtinam

451 1484 516 1539 et
567 1497 682 1559 ego
732 1476 858 1539 illic
909 1477 1145 1540 essem!
1227 1476 1543 1571 Haberem
1579 1478 1801 1542 saltem
1836 1478 2229 1541 occasionem
2262 1478 2502 1541 ridendi

454 1603 660 1661 tecum
711 1596 1009 1659 insulsum
1059 1598 1318 1681 tulgus,
1373 1596 1665 1682 loquendi
1714 1604 1918 1661 tecum
1968 1597 2045 1661 de
2076 1597 2505 1661 communibus

453 1702 712 1799 studiis,
791 1715 1152 1807 proficiendi
1227 1716 1501 1801 quotidie
1568 1738 1648 1779 ex
1699 1716 2067 1780 doctissimis
2117 1719 2505 1783 sermonibus

457 1834 602 1897 tuis.
702 1834 882 1898 Nunc
957 1834 1108 1897 mihi
1183 1834 1635 1901 senescendum
1710 1819 1859 1919 erit,
1938 1843 2230 1921 quantum
2281 1837 2503 1920 videm,

455 1956 622 2018 inter
689 1954 1028 2037 ignobilem
1069 1954 1356 2038 turbam,
1411 1975 1531 2017 nec
1577 1956 1903 2040 quicquam
1952 1954 2229 2039 proderit
2277 1955 2508 2019 habere

455 2074 798 2157 ingenuum
868 2086 928 2135 et
999 2081 1269 2135 erectum
1320 2073 1624 2157 animum,
1680 2076 1968 2159 quoniam
2020 2074 2195 2137 deest
2243 2074 2505 2137 facultas

457 2190 792 2256 exercendi
873 2193 1032 2255 vires
1105 2214 1315 2275 meae,
1391 2214 1506 2255 nec
1572 2193 1803 2277 aspirat
1869 2213 2137 2277 unquam
2208 2176 2501 2255 Fortuna.

455 2310 814 2374 Ferendum
868 2310 981 2373 erit
1031 2311 1321 2397 quicquid
1371 2312 1592 2374 mutari
1645 2334 1763 2375 non
1813 2318 2037 2396 potest.
2137 2310 2318 2375 Haec
2358 2312 2507 2375 olim

456 2451 706 2516 quoque
755 2452 962 2494 rerum
1012 2430 1276 2495 conditio
1328 2428 1472 2515 fuit,
1529 2452 1687 2516 quae
1740 2431 1977 2495 obtinet
2024 2430 2246 2509 hodie,
2314 2440 2381 2495 ut
2426 2432 2503 2495 ad

453 2532 987 2643 immeritissimoss
1025 2549 1405 2613 deferrentur
1453 2558 1521 2613 ut
1567 2551 1903 2635 plurimum
1953 2551 2241 2615 honores,
2298 2542 2505 2623 Quare

455 2668 614 2731 nihil
675 2677 767 2732 est
826 2670 990 2755 quod
1051 2669 1126 2733 de
1185 2690 1326 2732 mea
1388 2670 1634 2733 fortuna
1685 2692 1943 2755 querar,
1998 2673 2058 2733 in
2111 2678 2279 2734 tanta
2326 2693 2506 2756 prae-

457 2782 678 2851 sertim
707 2788 1038 2851 infelicium
1075 2789 1274 2851 turba.
1313 2788 1521 2851 Vnum
1554 2792 1655 2853 me
1689 2790 1853 2852 male
1890 2790 2113 2873 habet,
2169 2798 2229 2853 et
2262 2812 2508 2854 omnem

456 2907 684 2971 mentis
744 2908 1249 2993 tranquillitatem
1326 2918 1611 2992 venenat,
1692 2909 1855 2994 quod
1934 2930 2051 2972 non
2104 2910 2289 2973 liceat
2337 2917 2513 2973 extra

457 3028 784 3091 molestias
834 3028 1032 3090 insani
1079 3028 1250 3112 vulgi
1300 3035 1567 3091 aetatem
1620 3027 1865 3112 degere.
1964 3029 2130 3092 Illud
2178 3030 2229 3091 si
2279 3030 2509 3092 contin·
2598 3032 2605 3038 ’

458 3154 614 3232 gat,
667 3146 816 3209 nihil
875 3132 964 3209 est
1016 3148 1182 3232 quod
1234 3148 1388 3210 votis
1431 3147 1676 3210 addam.
1754 3144 2083 3232 Annitere,
2136 3148 2220 3211 mi
2258 3146 2509 3231 Graevi,

468 3274 537 3331 et
586 3266 756 3329 viam
813 3266 1068 3330 ostende
1119 3287 1240 3351 qua
1287 3287 1387 3329 me
1439 3286 1683 3351 quoque
1731 3268 1966 3352 possim
2016 3267 2233 3329 tollere
2282 3267 2512 3330 humo:

563 3385 702 3449 Non
752 3386 863 3450 tibi
915 3386 1202 3457 dedecori
1263 3406 1406 3449 mea
1453 3386 1632 3449 Musa
1679 3386 1883 3450 futura
1932 3394 2055 3471 est,

657 3506 791 3570 Nec
838 3507 1004 3570 male
1053 3526 1162 3568 nos
1213 3514 1424 3589 gratos
1475 3513 1691 3590 arguet
1738 3507 1869 3569 ulla
1918 3506 2067 3570 dies.

565 3625 664 3689 Tu
711 3625 863 3688 mihi
911 3625 1155 3688 felicem
1205 3623 1384 3687 dabis
1431 3625 1491 3687 in
1544 3645 1706 3687 nova
1756 3630 2029 3688 carmina
2076 3643 2324 3710 venam,
2422 3652 2433 3667 ¹

656 3744 912 3829 Ingenio
963 3745 1133 3807 solus
1185 3750 1250 3806 tu
1299 3743 1539 3829 potiere
1589 3764 1751 3807 meo,

565 3863 830 3947 Surget,
884 3870 944 3947 et
993 3862 1286 3948 auspiciis
1335 3862 1621 3926 felicibus
1670 3862 1785 3926 ibit
1834 3863 1896 3925 in
1946 3882 2133 3927 auras

660 3982 890 4053 Pressa
939 3989 1262 4045 veternoso
1316 3980 1643 4067 Calliopea
1690 3982 1829 4045 situ.

567 4101 868 4187 Quaeque
935 4122 1157 4186 parum
1205 4100 1397 4165 firmis
1446 4100 1713 4185 pedibus
1764 4120 1924 4163 nunc
1972 4101 2171 4187 repit,
2226 4106 2288 4165 et
2336 4102 2523 4167 audet

660 4220 789 4284 Vix
839 4242 905 4285 se
953 4218 1176 4284 Pieriis
1226 4239 1629 4283 annumerare
1679 4218 1925 4304 choriS,
2079 4209 2086 4215 ”

567 4339 820 4406 Judicio
873 4346 1146 4403 sustenta
1194 4344 1339 4422 tue,
1393 4344 1667 4416 sustenta
1714 4337 1963 4423 favore,

664 4459 878 4523 Pierio
931 4466 1199 4523 comtum
1250 4456 1428 4520 tollet
1475 4456 1711 4521 honore
1762 4463 1961 4543 caput.
