2975 5209
1368 462 1494 524 103

1320 661 1405 722 s4
1453 659 1513 741 ι).

1145 801 1282 867 lano
1330 798 1682 864 Broukhusio

972 914 1213 977 loannes
1259 911 1535 993 Geor-qius
1583 910 1871 974 Graevius,

479 1052 1122 1134 „Petronium-Roter
1143 1051 1541 1116 odamensem
1574 1052 1623 1135 2)
1652 1051 1777 1114 vidi
1814 1071 1978 1114 sane.
2024 1049 2148 1114 Sed
2174 1051 2233 1113 in
2263 1051 2435 1114 novis

371 1173 771 1259 fragmentis,
859 1193 1016 1258 quae
1091 1173 1359 1256 jactant,
1447 1172 1681 1234 nullum
1755 1171 2032 1235 Petronii
2103 1171 2437 1255 vestigium

372 1295 619 1378 reperi,
724 1293 834 1357 sed
909 1293 1122 1356 fatuae
1199 1293 1580 1377 imposturae
1652 1292 1883 1377 ubique
1953 1291 2438 1356 luculentissima

371 1418 758 1497 argumenta.
863 1411 1066 1484 Quam
1119 1412 1386 1495 benigne
1430 1411 1507 1474 de
1542 1431 1641 1491 39,
1682 1410 1757 1474 (19
1792 1416 1999 1474 nostro
2042 1430 2190 1474 vero
2224 1411 2433 1474 seculo

375 1553 571 1618 quam
640 1533 804 1596 male
875 1533 1064 1596 sensit
1136 1531 1460 1615 Nodotus‚
1525 1531 1627 1616 qui
1676 1531 1953 1616 speravit
2000 1551 2068 1594 se
2101 1530 2223 1593 hoc
2255 1529 2434 1611 succ,

373 1672 568 1736 quem
619 1653 721 1738 qui
770 1653 874 1715 vix
924 1656 1067 1715 aere
1119 1652 1199 1734 (P)
1259 1653 1575 1747 lavantur,
1630 1650 2134 1736 deprehendunt,
2194 1672 2262 1714 03
2304 1671 2435 1714 0111-

373 1771 564 1834 nibus
613 1747 1227 1858 sublinere'posseff’
1329 1770 1476 1835 Atia
1512 1770 1605 1834 de
1654 1771 1763 1833 ina
1814 1770 2149 1834 editione..
2206 1819 2219 1833 .
2278 1820 2289 1832 .

377 1890 872 1977 „Epigramma,
952 1891 1120 1979 quod
1193 1893 1369 1975 olim,
1425 1911 1565 1954 cum
1612 1891 1847 1975 primas
1904 1889 2189 1975 pagellas
2249 1889 2437 1973 legis—

376 2033 623 2095 39111113,
680 2011 1045 2076 effundebas
1083 2013 1162 2096 3),
1241 2013 1288 2074 si
1357 2011 1594 2097 publici
1646 2009 1804 2094 juris
1853 2009 2105 2094 1999113,
2161 2016 2221 2072 et
2270 2010 2439 2074 aliud

377 2130 699 2194 addideris
767 2133 827 2194 in
878 2131 1034 2194 tales
1086 2153 1408 2213 991130193,
1459 2098 1582 2193 non
1634 2129 1796 2192 male
1847 2128 2182 2192 mereberis
2234 2128 2311 2192 de
2364 2149 2432 2192 re

375 2251 715 2334 litteraria,
799 2251 928 2314 sive
1017 2250 1134 2314 sub
1202 2257 1304 2312 tuo
1355 2251 1601 2312 nomine
1650 2250 1759 2312 illa
1806 2249 2076 2312 volueris
2128 2248 2255 2330 edi,
2310 2248 2439 2313 sive

379 2369 556 2432 aliud
607 2369 984 2453 adolztarisJ’
1059 2420 1446 2446 .......
1457 2369 1640 2442 Quod
1690 2370 1738 2432 si
1792 2389 2113 2432 censuram
2165 2369 2437 2433 volueris

381 2487 574 2552 cdere
621 2490 679 2551 in
735 2491 888 2553 haec
936 2490 1282 2574 fragmenta
1334 2541 1346 2554 .
1405 2539 1415 2552 .
1475 2540 1486 2552 .
1539 2540 1550 2552 .
1606 2489 1867 2552 habebis
1905 2511 1941 2552 a
1977 2511 2105 2574 me,
2146 2511 2306 2575 quae
2336 2496 2441 2554 aut

375 2609 522 2693 ipse
573 2607 931 2688 observavi,
983 2617 1088 2672 aut
1137 2610 1575 2673 observaturus
1626 2608 1823 2673 sum.'’

484 2727 792 2811 Trajccti,
848 2750 902 2791 a.
959 2729 1015 2792 d.
1068 2727 1169 2791 IV.
1199 2727 1338 2792 KL.
1381 2727 1629 2792 Januar.
1666 2729 1760 2811 (st.
1804 2730 1887 2812 v.)
1924 2723 2445 2792 GIOIOOXOIII..

1212 2902 1274 2915 W

1446 2901 1568 2914 ‘WW

1252 3017 1580 3120 LXXXV.

1029 3176 1219 3239 loanni
1267 3175 1510 3258 Georqio
1558 3176 1799 3240 Graevio

1115 3289 1282 3352 lanus
1330 3287 1731 3351 BroukhusiuS.

493 3424 584 3488 Ita
637 3441 754 3511 est,
808 3425 921 3488 Vir
973 3425 1362 3511 Clarissima,
1417 3447 1530 3491 nec
1579 3428 1783 3490 volam
1820 3448 1931 3491 nec
1970 3430 2295 3514 vestigium
2335 3452 2439 3494 an-

651 3573 806 3582 *-

500 3617 538 3691 ¹)
626 3619 698 3676 In
741 3620 1124 3680 Bibliotheca
1167 3621 1577 3698 Lugdunensi.

490 3700 539 3776 2)
627 3706 805 3764 Anno
859 3708 1016 3764 1693
1067 3707 1314 3765 Charles
1359 3707 1585 3781 Nodot,
1655 3708 1893 3782 Gallus,
1927 3708 2028 3784 qui
2058 3710 2146 3766 rei
2178 3709 2441 3767 frumen-

393 3789 590 3846 tariae
637 3793 1004 3849 exercitibus
1041 3793 1310 3866 curabat,
1337 3792 1525 3850 edidit
1548 3793 1827 3851 Lutetiae
1852 3800 2034 3870 atque
2058 3793 2443 3852 Roterodami

395 3875 802 3949 fragmentum
863 3878 1133 3935 Petronii
1191 3878 1482 3954 ignotum.
1573 3879 1901 3936 Dicebatur
1944 3879 2092 3936 illud
2136 3885 2441 3956 repertum

398 3977 533 4016 esse
594 3979 644 4016 a.
727 3965 876 4020 1688
939 3964 1205 4020 Tauruni
1267 3983 1302 4020 a
1358 3964 1602 4022 tribuno
1666 3965 1934 4039 Gallico,
1997 3965 2099 4040 qui
2146 3965 2446 4044 stipendia

395 4045 672 4104 merebat
724 4047 785 4104 in
843 4049 1120 4107 exercit-u
1163 4050 1557 4126 Imperatoris
1600 4050 1901 4108 Austriae.
1990 4050 2261 4109 Nodotus
2304 4051 2445 4107 huic

395 4130 488 4186 rei
533 4130 710 4188 fidem
756 4133 986 4190 habens
1031 4135 1437 4209 fragmentum
1485 4135 1671 4193 edidit
1716 4141 1898 4211 atque
1944 4155 1994 4192 a.
2052 4139 2209 4193 1694
2252 4135 2439 4192 Galli-

397 4233 532 4271 cam
581 4217 915 4290 versionem
959 4220 1126 4296 prelo
1173 4220 1513 4294 mandavit,
1561 4210 1661 4277 sed
1710 4221 1985 4278 omnibus
2029 4222 2157 4280 fere
2186 4220 2442 4298 philolo-

398 4300 494 4377 gis
540 4303 806 4360 constitit
850 4304 1254 4380 fragmentum
1299 4322 1419 4362 non
1467 4323 1597 4362 esse
1640 4306 1926 4364 Petronii.

359 4461 373 4472 α
495 4382 542 4458 3)
630 4387 737 4446 Est.
781 4407 1052 4447 carmen:
1102 4390 1176 4447 In
1225 4387 1575 4448 Petroniam
1622 4393 1969 4450 larvatilem
2015 4393 2271 4469 (Poem,
2302 4410 2441 4468 pag.

408 4472 588 4547 167),
633 4473 920 4550 scriptum
966 4475 1020 4533 d.
1069 4476 1310 4533 XXVII
1354 4475 1557 4534 Martii
1602 4494 1655 4535 a.
1708 4480 1887 4536 1692.
