2975 5209
1281 495 1412 560 135

1262 688 1427 753 CXI.

779 884 1085 948 Theodoro
1132 882 1396 947 jansonio
1441 882 1514 945 ab
1558 882 1913 966 Almoloveen

1032 994 1208 1058 lanus
1252 992 1655 1056 Broukhuslua

393 1177 677 1248 =Librum
764 1205 947 1271 quem
1039 1186 1233 1270 petis,
1307 1206 1380 1248 en
1451 1183 1686 1268 habes,
1764 1183 1979 1248 amice.
2081 1179 2148 1246 Si
2224 1182 2369 1268 quid
2428 1233 2431 1238 .

315 1304 497 1367 istius
571 1303 814 1388 generis
887 1305 1152 1390 amplius
1225 1313 1354 1390 est,
1432 1326 1554 1391 quo
1627 1310 1689 1368 te
1752 1303 2032 1388 indigere
2079 1301 2367 1389 putabis,

308 1423 714 1510 (quamquam
787 1424 934 1510 quid
1005 1445 1122 1506 ego
1199 1423 1501 1488 carbones
1576 1443 1747 1488 meos
1814 1423 1988 1506 jacto
2059 1422 2139 1486 ad
2192 1429 2365 1487 tuum

307 1542 669 1606 thesaurum
691 1543 745 1627 P)
797 1552 1000 1606 tamen
1053 1545 1104 1606 si
1156 1543 1301 1629 quid
1352 1552 1482 1624 est,
1526 1563 1862 1629 numquam
1896 1541 2006 1606 tibi
2042 1517 2369 1608 claudetur,

306 1683 456 1726 mea
526 1662 892 1747 benignitas.
991 1661 1194 1726 Valde
1255 1662 1461 1748 placet
1529 1661 1853 1726 consilium
1904 1671 2075 1724 tuum
2126 1659 2205 1725 de
2254 1660 2363 1725 ad·

300 1778 642 1865 jungendis
735 1781 1172 1867 interpretibus
1269 1781 1568 1845 Gallicis:
1645 1802 1787 1845 narn
1861 1801 2058 1866 neque
2135 1780 2365 1848 librum

309 1899 661 1985 gravabunt
721 1900 910 1964 nimia
956 1901 1155 1985 mole,
1212 1914 1270 1965 et
1320 1901 1506 1967 habet
1557 1910 1814 1987 uterque
1864 1900 2032 1984 quod
2082 1901 2239 1965 scitu
2288 1901 2367 1966 sit

305 2020 461 2083 utile
537 2019 768 2104 pariter
848 2013 920 2084 ac
992 2020 1356 2105 jucundum.
1457 2020 1747 2106 Inprimis
1826 2019 2360 2106 Longapetraeus.

303 2137 519 2223 Hujus
581 2139 641 2201 in
709 2137 976 2220 editione
1045 2141 1268 2223 legitur
1318 2140 1615 2203 eximium
1666 2158 1912 2202 carmen
1962 2138 2022 2202 in
2076 2136 2364 2224 Sappho-

303 2277 488 2320 nem:
567 2278 642 2322 eo
711 2257 856 2343 quid
931 2257 1065 2322 fieri
1137 2257 1460 2344 placebit?
1561 2257 1872 2321 Gallicum
1938 2267 2062 2341 est,
2142 2257 2360 2343 inquis.

303 2375 509 2440 Sane:
583 2375 694 2440 sed
747 2386 807 2441 et
857 2376 1060 2442 Notae
1110 2388 1170 2441 et
1217 2367 1443 2442 'Versio
1498 2376 1778 2462 ejusdem
1834 2383 1973 2439 sunt
2021 2375 2360 2440 idiomatis.

303 2493 509 2558 Vides
553 2493 698 2581 quid
733 2495 961 2560 velim:
1001 2495 1110 2560 sed
1147 2507 1350 2561 tamen
1391 2497 1478 2560 tui
1512 2495 1748 2560 arbitrii
1783 2516 1883 2559 res
1918 2503 2065 2559 esto.
2123 2493 2365 2582 Ecquid

305 2613 474 2677 hunc-
506 2614 733 2679 librum
767 2617 984 2679 nosti?
1035 2615 1140 2680 La
1174 2616 1415 2680 nobilita
1443 2624 1496 2679 et
1526 2615 1922 2680 l'eccellenza
1948 2614 2111 2678 delle
2136 2615 2362 2700 donne,
2392 2685 2399 2690 ,

307 2731 638 2818 σθ’άρᾒὶείιί
707 2756 736 2798 e
794 2737 1219 2799 mancamenti
1279 2736 1356 2799 de
1399 2735 1493 2821 qli
1541 2735 1869 2819 huomini,
1931 2731 2242 2798 Discorso
2293 2734 2364 2798 di

309 2852 620 2918 Lucretia
689 2853 1061 2919 Marinella.
1161 2855 1240 2918 In
1306 2855 1583 2939 Venetia,
1645 2855 1893 2939 1621,8
1933 2854 1994 2938 ¹).
2047 2853 2364 2940 Numquid

307 2979 372 3036 et
421 2972 540 3070 bae
590 2973 704 3037 tibi
751 2975 1069 3039 innotuere
1134 2975 1470 3040 mulieres?
1546 2973 1878 3038 Catherina
1926 2972 2147 3037 Landa
2176 2975 2256 3058 (Ρ)
2287 2975 2358 3059 2),

305 3089 495 3153 Anna
567 3090 844 3157 Estensis
877 3097 944 3178 ³),
1013 3093 1345 3158 Laurentia
1416 3091 1694 3157 Strozzia
1724 3095 1794 3177 4),
1847 3091 2150 3178 Mai-garis
2197 3093 2361 3158 Mar-

307 3210 530 3296 quardi
579 3210 844 3276 Freheri
878 3213 947 3298 ³),
1000 3212 1203 3297 Isota,
1259 3212 1612 3294 Genebria,
1666 3210 1914 3297 Angeia
1963 3211 2356 3299 Nagarolae‚
2460 3185 2467 3194 ἱ

403 3397 444 3471 ¹)
532 3399 814 3459 Lucretia
877 3400 1203 3459 Marinella
1270 3401 1778 3476 (1571-1653),
1845 3406 1992 3461 nata
2049 3402 2356 3477 Venetiis,

302 3483 492 3543 libros
550 3491 732 3562 atque
799 3490 1078 3563 poemata
1123 3486 1328 3544 edidit.
1418 3486 1602 3544 Liber
1647 3486 1925 3545 laudatus
1969 3487 2193 3565 prodiit
2235 3487 2355 3566 pri-

301 3587 470 3627 mum
513 3589 566 3628 a.
621 3574 800 3629 1608.
1946 3632 1950 3637 .

393 3657 438 3728 2)
526 3656 603 3715 Et
667 3657 836 3714 illam
905 3663 965 3717 et
1026 3657 1176 3714 alias
1238 3675 1270 3714 e
1315 3656 1667 3716 mulieribus
1714 3675 1751 3715 a
1795 3657 2175 3716 Broukhusio
2222 3658 2356 3717 lau-

305 3740 464 3798 datis
506 3741 742 3818 ignoro.

399 3821 447 3898 ³)
534 3827 810 3886 Fortasse
855 3827 1152 3904 significat
1197 3828 1468 3902 Annam,
1513 3827 1705 3886 filiam
1733 3828 2011 3886 Herculis
2040 3828 2104 3885 II
2134 3827 2356 3904 d’Este‚

305 3910 475 3980 ducis
517 3912 810 3970 Ferrarae
885 3913 1278 3988 Mutinaeque
1359 3914 1855 3992 (1508-1559),
1901 3919 1960 3972 et
2042 3914 2352 3991 Renatae,

216 4001 225 4004 “
304 3996 471 4054 filiae
502 3997 804 4063 *Ludovici
847 3998 1007 4072 XII,
1053 3998 1237 4074 Regis
1279 3998 1595 4056 Franciae.

398 4079 447 4155 4)
537 4083 866 4142 Laurentia
925 4083 1189 4142 Strozzia
1234 4085 1727 4158 (1514—1591),
1786 4088 1932 4141 nata
1975 4083 2354 4159 Florentiae,

305 4166 560 4242 hymnos
619 4175 810 4245 ‘atque
883 4168 1029 4227 odas
1100 4169 1347 4226 Latinas
1393 4168 1741 4246 composuit.
1831 4168 1904 4225 A.
1959 4172 2117 4227 1588
2167 4169 2356 4228 edidit

304 4251 526 4310 librum
547 4263 570 4310 ε’
607 4253 684 4312 In
729 4255 980 4332 sinyula
1027 4256 1214 4312 totius
1263 4255 1410 4310 anni
1454 4255 1751 4312 solemnia
1782 4254 2007 4329 hymni.

399 4334 448 4410 ³)
536 4339 679 4397 Fuit
722 4340 975 4399 fortasse
1019 4339 1145 4396 filia
1187 4338 1535 4416 Marquardi
1577 4339 1831 4397 Freheri
1862 4340 2354 4415 (1565—1614),

307 4422 412 4498 qui
476 4424 777 4500 professor
841 4425 989 4483 iuris
1054 4425 1168 4483 fuit
1211 4424 1595 4502 Edelbergae
1639 4430 1821 4501 atque
1864 4425 2123 4503 principi
2166 4423 2349 4482 Pala-

306 4507 434 4568 tino
480 4528 518 4570 a
575 4510 858 4570 consiliis.
1246 4513 1252 4520 ’
1390 4509 1396 4514 “
