2975 5209
1355 485 1476 548 141

384 677 664 742 defuncti
737 680 924 744 vidua
997 687 1104 745 aut
1172 685 1462 767 parentes
1536 679 1751 741 malint
1822 679 2209 764 supprimere
2282 679 2439 744 haec

381 800 758 883 praeconia,
837 802 1100 886 eJ'usque
1171 801 1260 864 rei
1329 799 1488 862 hanc
1554 799 1809 862 illamve
1878 819 2162 882 causam,
2216 808 2283 862 ut
2330 801 2447 889 fit,-

385 917 820 1004 interponant,
875 941 982 984 cos
1030 920 1254 983 frustra
1301 919 1365 982 id
1413 918 1721 1002 facturos,
1778 922 1916 981 culn
1966 927 2174 982 noster
2224 927 2433 984 tamen

381 1059 566 1100 suum
639 1039 919 1103 laborem
993 1039 1244 1125 publico
1285 1039 1363 1101 sit
1413 1038 1872 1101 commissurus.
1928 1037 2027 1101 De
2062 1059 2201 1102 meo
2236 1060 2435 1123 aeque

380 1157 650 1221 incertus
723 1180 894 1243 sum,
973 1161 1088 1224 nisi
1160 1157 1328 1246 quod
1410 1165 1515 1221 tuo
1588 1157 1835 1221 hortatu
1907 1159 2055 1220 illuc
2128 1158 2433 1244 perlatum

383 1276 605 1358 est1).'’
662 1328 674 1340 .
730 1328 743 1340 .
799 1328 812 1340 .
869 1328 882 1342 .

482 1398 520 1457 2
573 1396 873 1462 Decemb.
933 1401 1131 1464 1699.

1203 1571 1319 1587 “-Γ-Ῑ“-Γ.Γ
1334 1569 1554 1587 ‘'sss-l*.l*.s*f.
1573 1574 1589 1585 »1
1600 1573 1615 1584 υ

1274 1671 1538 1737 CXXII.

1021 1816 1210 1879 loanni
1258 1815 1506 1897 Geor-glo
1555 1815 1797 1879 Graevio

1101 1927 1269 1990 lanus
1316 1925 1719 1990 Broukhuslua

478 2090 746 2163 Questus
797 2099 889 2155 est
938 2092 1104 2178 apud
1154 2113 1254 2158 me
1304 2115 1502 2179 nuper
1550 2095 1893 2157 communis
1944 2101 2151 2158 noster
2197 2094 2430 2161 amicus

380 2210 748 2275 Franciscus
795 2211 1060 2296 Halma,
1115 2233 1302 2297 quum
1351 2213 1734 2276 familiariter
1774 2234 2098 2297 ageremus
2142 2213 2219 2278 de
2264 2234 2422 2277 novo

381 2329 703 2394 Thesauro
756 2345 1029 2394 veterum
1078 2331 1556 2417 Inscriptionum
1594 2334 1665 2414 ²),
1719 2334 2069 2418 complures
2120 2334 2239 2397 sibi
2279 2355 2430 2419 quo·

308 2501 324 2506 -
383 2447 557 2522 tidie
591 2449 982 2514 difficultates
1032 2450 1328 2534 suboriri,
1383 2449 1545 2515 unde
1596 2453 1832 2536 emergi
1880 2453 1982 2516 vix
2032 2473 2219 2537 posse
2268 2453 2431 2517 arbi-

382 2575 611 2652 tretur,
667 2572 928 2655 et'quas
979 2571 1028 2632 si
1078 2570 1444 2655 praevidere
1496 2571 1798 2656 potuisset
1845 2571 1903 2634 in
1946 2578 2251 2657 tempore,
2307 2594 2425 2636 non

382 2683 448 2750 se
511 2687 701 2752 fuisse
767 2699 1195 2773 suscepturum
1259 2697 1568 2753 tantorum
1618 2699 1930 2753 sumtuum
1983 2712 2159 2776 opus.
2212 2691 2425 2756 Etiam

382 2807 616 2892 nullos,
692 2809 794 2894 qui
854 2808 1102 2871 nomina
1158 2829 1269 2870 sua
1318 2808 1465 2873 dent
1515 2809 1592 2872 ad
1643 2811 2024 2874 conditiones
2075 2812 2424 2896 evulgatae,

380 2947 757 3012 comparere.
859 2926 958 2990 Ob
1031 2949 1167 2991 eam
1236 2950 1367 2992 rem
1418 2930 1561 3012 angi
1612 2951 1679 2993 se
1728 2931 1973 3014 anim0‚
2028 2953 2226 3017 neque
2275 2933 2423 2995 satis

379 3046 534 3108 scire
599 3043 750 3132 quo'
783 3068 851 3110 se
922 3053 1150 3130 vertat,
1223 3069 1365 3110 nam
1433 3069 1547 3112 nec
1616 3049 1901 3112 deserere
1952 3070 2109 3135 opus
2165 3052 2424 3135 promis-

307 3153 320 3159 ⁶
377 3186 514 3228 sum
577 3185 766 3250 posse
833 3167 984 3229 citra
1041 3167 1350 3250 jacturam
1398 3166 1601 3231 bonae
1674 3169 2171 3250 existimationiS‚
2226 3190 2423 3254 neque

376 3307 637 3371 pergere
701 3287 947 3349 omnino
998 3286 1055 3348 in
1107 3287 1288 3348 tantis
1340 3288 1653 3372 angustiis
1756 3285 1978 3350 Jacere
2030 3287 2214 3350 etiam
2267 3309 2423 3352 nunc

382 3435 434 3443 —m

476 3473 514 3544 ¹)
604 3473 807 3530 Sermo
868 3489 996 3528 esse
1057 3471 1294 3530 videtur
1354 3472 1428 3529 de
1473 3473 1738 3529 carmine
1785 3473 2025 3530 funebri
2070 3473 2132 3530 in
2177 3473 2423 3531 Petrum

377 3559 741 3634 Bernagium
799 3558 1307 3632 (1656-1699),
1369 3558 1470 3634 qui
1516 3557 1877 3615 medicinam
1920 3558 2317 3634 profitebatur
2362 3561 2421 3617 in

370 3643 693 3701 Athenaeo
756 3642 1352 3700 Amstelaedamensi.
1444 3644 1584 3701 Fuit
1632 3644 1859 3700 amicus
1904 3644 2271 3702 Broukhusii
2320 3646 2419 3720 (cf.

375 3728 606 3802 Poem.‚
652 3748 791 3805 pag.
845 3729 1007 3799 125).
1056 3728 1390 3804 Bernagius
1439 3729 1589 3786 obiit
1634 3727 1688 3785 d.
1739 3728 2016 3786 XXVIII
2062 3730 2419 3787 Novembris

378 3815 573 3886 16993
641 3815 708 3870 B.
775 3812 1064 3889 postridie
1131 3831 1370 3870 carmen
1436 3813 1693 3872 funebre
1761 3815 2093 3890 composuit
2156 3816 2417 3890 (Pomm,

371 3916 512 3974 pag.
564 3901 729 3973 292),
779 3905 837 3956 et
883 3898 944 3954 in
990 3897 1428 3974 Hoogstratani
1476 3898 1861 3956 Carminibus
1890 3902 2101 3974 (1700,
2133 3919 2271 3977 pag.
2318 3903 2421 3976 92)

367 3984 629 4062 legimus
674 3989 919 4061 poema:
967 3981 1044 4039 In
1093 3984 1316 4040 obitum
1364 3985 1535 4041 Petri
1584 3985 1898 4060 Bernayii.

461 4070 518 4141 2)
579 4073 755 4127 Anno
787 4068 1032 4127 tandem
1070 4071 1227 4125 1707
1261 4069 1612 4144 prodierunt
1642 4069 2114 4127 Amstelaedami
2148 4069 2422 4147 Inscrip-

371 4156 566 4212 ticmes
627 4157 928 4232 antiquae·
987 4154 1176 4211 totius
1237 4155 1403 4211 orbis
1460 4155 1757 4218 Romani,
1790 4157 1852 4212 in
1902 4155 2425 4214 absolutissimum

373 4258 597 4314 corpus
637 4243 920 4298 redactae
967 4239 1108 4295 olim
1149 4240 1446 4314 auspiciis
1477 4239 1733 4315 Josephi
1769 4239 2089 4316 Scaliyeri,
2138 4249 2190 4298 et
2224 4242 2427 4298 Marci

385 4325 642 4399 Velseri,
689 4326 1002 4384 industria
1051 4329 1246 4380 autem
1295 4324 1448 4381 ,sani
1496 4325 1783 4398 Gruteri‚
1830 4344 1993 4383 manc
2026 4329 2192 4391 curis
2226 4345 2425 4383 secun-

373 4412 473 4467 dis
519 4413 783 4483 ejusdem
831 4410 1087 4492 Grvqteri
1119 4415 1172 4464 et
1211 4411 1376 4467 notis
1409 4409 1793 4486 Marquardi
1825 4410 2020 4468 Gudii
2050 4411 2423 4485 illustratae,

372 4513 526 4552 cura
574 4495 623 4552 I.
676 4496 747 4552 G.
798 4494 1070 4560 Graevii.
