2975 5209
1514 471 1644 533 154

561 666 904 752 repositum
974 672 1066 731 est
1132 668 1193 730 in
1263 667 1531 731 sacrario
1600 667 1803 731 bonae
1850 664 2107 750 mentis,
2167 666 2229 730 in
2276 666 2609 754 tranquillo

554 785 871 850 Musarum
897 807 1148 852 secessu
1170 841 1186 872 ,
1215 787 1276 850 in
1308 787 1679 852 commercio
1706 786 1979 851 dulcium
2010 785 2381 849 libellorum.
2410 784 2615 848 Hisce

554 928 668 970 nos
743 906 1032 972 fomentis
1109 928 1437 993 curemus,
1489 930 1609 972 non
1660 908 1791 972 sine
1840 906 2208 971 abstinentia
2256 913 2316 970 et
2362 906 2606 991 quiete,

553 1027 720 1090 omni
789 1025 1185 1091 Cartesianae
1255 1027 1603 1092 medicinae
1668 1026 1960 1111 choragio
2006 1024 2373 1112 potioribus.
2424 1024 2611 1088 Haec

552 1144 666 1212 fuit
736 1145 1138 1231 Pythagorae
1225 1146 1515 1210 medendi
1591 1146 1788 1230 ratio,
1874 1167 1993 1209 non
2066 1165 2254 1229 aegre
2326 1144 2611 1230 corporis

550 1264 784 1328 morbis
851 1267 1127 1329 succurri
1199 1266 1547 1350 credentis,
1621 1267 1732 1330 ubi
1803 1287 1977 1329 mens
2046 1271 2211 1328 esset
2258 1264 2369 1328 rite
2418 1271 2608 1350 atque

553 1384 766 1449 ordine
825 1386 1189 1472 composita.
1291 1386 1390 1451 De
1445 1387 1771 1450 Henninio
1812 1387 1852 1471 ¹)
1901 1385 2003 1471 egi
2047 1406 2169 1448 non
2217 1384 2611 1469 indiligenter

555 1525 697 1568 cum
769 1526 887 1591 eo,
965 1527 1149 1593 quem
1224 1513 1290 1571 tu
1372 1507 1755 1571 nominabas.
1858 1505 1961 1571 Sic
2008 1513 2252 1590 tamen,
2302 1511 2371 1568 ut
2418 1504 2493 1567 de
2524 1511 2609 1578 ,te

554 1625 724 1688 nulla
791 1626 872 1690 sit
935 1628 1207 1713 suspicio
1272 1627 1516 1711 injecta.
1617 1625 1855 1711 Ajebat
1921 1647 2117 1712 nuper
2189 1646 2331 1689 cum
2396 1624 2607 1709 aliquo

557 1745 836 1831 periculo
886 1746 1290 1832 decubuisse,
1348 1767 1509 1811 nunc
1542 1767 1687 1812 vero
1721 1747 2082 1811 meliuscule
2113 1745 2384 1830 habere,
2433 1751 2609 1830 post-

555 1886 740 1952 quam
819 1866 1206 1931 adsuevisset
1284 1867 1521 1953 potioni
1606 1867 1783 1931 lactis
1868 1866 2119 1952 caprini.
2220 1865 2313 1930 Te
2392 1871 2609 1929 autem

553 1987 934 2073 interrogare
982 1986 1227 2072 debeo,
1283 1987 1506 2073 ecquid
1556 1989 1716 2052 scias
1767 2009 1886 2072 qua
1931 1987 2059 2050 illic
2102 1985 2451 2051 conditione
2474 1984 2599 2049 sint

550 2105 982 2193 professores?
1079 2105 1473 2192 Stipendium
1544 2105 1806 2191 habent,
1886 2096 2031 2168 sive
2087 2112 2151 2168 tu
2199 2103 2601 2168 honorarium

550 2226 786 2313 maviS,
848 2248 968 2291 non
1017 2226 1137 2292 nisi
1186 2228 1660 2312 quingentorum
1706 2227 2080 2290 florenorum
2128 2225 2411 2289 nostratis
2460 2244 2598 2287 mo-

551 2353 750 2412 netae.
848 2345 1012 2411 Nam
1085 2347 1251 2432 quod
1314 2347 1627 2410 Henninio
1678 2346 1938 2431 duplum
1987 2347 2200 2430 datur,
2250 2345 2316 2408 id
2363 2345 2599 2408 factum

553 2466 666 2530 fuit
730 2474 985 2552 propter
1053 2467 1362 2552 duplicem
1435 2471 1744 2552 spartam,
1800 2488 1983 2552 quam
2036 2487 2337 2530 exornare
2386 2463 2594 2549 debet-3

553 2593 646 2650 est
719 2586 883 2650 enim
931 2585 1276 2650 Medicinae
1327 2607 1574 2673 quoque
1626 2586 1841 2650 doctor
1887 2585 2194 2671 publicus.
2293 2585 2434 2647 Isne
2480 2584 2602 2647 tibi

550 2705 732 2769 bolus
801 2712 964 2769 tam.
998 2706 1241 2790 opimus
1312 2707 1593 2792 videtur,
1662 2713 1729 2768 ut
1775 2720 2030 2792 propter
2080 2725 2220 2767 eum
2270 2704 2598 2768 stationem

545 2825 892 2910 relinquas,
964 2825 1153 2889 hodie
1223 2826 1467 2911 quidem
1544 2847 1766 2911 parum
1829 2825 2227 2910 frugiferam,
2297 2823 2406 2887 scd
2472 2844 2597 2885 non

442 2927 454 2936 ⁰
545 2943 900 3008 destitutam
975 2945 1065 3028 (ut
1134 2946 1312 3031 puto)
1387 2947 1565 3010 firma
1615 2965 1728 3031 spe
1778 2945 2090 3009 commodi
2128 2943 2599 3008 luculentioris?

543 3062 671 3128 Sed
739 3069 804 3127 tu
875 3065 996 3128 ista
1063 3065 1283 3128 melius
1351 3065 1610 3128 videbis
1711 3064 1854 3150 Ego
1921 3063 2172 3149 quidem
2242 3061 2426 3126 rebus
2474 3063 2600 3126 tuis

541 3204 876 3271 numquam
959 3183 1189 3269 deero,
1265 3184 1317 3247 si
1386 3185 1532 3270 quid
1581 3207 1682 3248 me
1733 3186 1812 3249 ad
1860 3206 1959 3249 res
2009 3191 2144 3248 tuas
2196 3184 2292 3248 vel
2341 3183 2601 3247 consilio

541 3303 642 3366 vel
735 3302 989 3368 solertia
1069 3303 1529 3388 promovendas
1622 3304 1899 3368 conferre
1970 3323 2161 3389 posse
2242 3300 2600 3396 credideris.

546 3422 711 3487 Cura
781 3429 847 3486 ut
898 3431 1065 3488 recte
1132 3425 1378 3507 valeas,
1459 3424 1549 3487 mi
1621 3424 1935 3487 carissime
2007 3422 2297 3507 Hesseli,
2350 3427 2411 3486 et
2456 3443 2603 3507 me,

544 3543 710 3628 quod
757 3543 949 3629 facis,
1003 3564 1213 3608 amare
1261 3565 1474 3628 perge.

638 3660 987 3727 Amstelod.
1043 3662 1104 3725 in
1156 3683 1366 3727 eremo
1417 3661 1794 3726 suburbano.
1851 3663 1886 3726 7
1941 3660 2205 3746 August.
2264 3664 2340 3725 17
2352 3662 2462 3725 04.

1363 3857 1675 3922 CXXXII
1709 3861 1779 3945 2).

1213 3975 1484 4039 Ezechieli
1531 3975 1865 4056 spanhemio
1888 3975 1937 4053 3)

1251 4088 1424 4150 lanus
1468 4087 1874 4151 Broukhusius.

631 4197 922 4283 Haereo,
981 4201 1062 4264 ita
1117 4202 1354 4286 vivam,
1413 4201 1959 4266 Excellentissime
2014 4201 2153 4288 Vir,
2204 4223 2404 4288 neque
2444 4203 2599 4268 satis

633 4348 676 4424 ¹)
763 4350 918 4410 Vide
963 4351 1040 4408 ad
1084 4352 1273 4428 Epist.
1318 4355 1414 4410 34.

624 4433 676 4509 ²)
762 4435 836 4493 In
879 4437 1261 4496 Bibliotheca
1303 4438 1712 4516 Lugdunensi.

625 4517 678 4587 ³)
765 4521 859 4581 De
902 4521 1268 4600 Spanhemio
1313 4523 1449 4583 vide
1496 4523 1571 4583 ad
1616 4525 1803 4603 Epist.
1853 4527 1950 4584 82.
