2975 5209
1309 491 1436 566 145

331 719 552 764 carere
625 719 814 785 aegre
885 699 1043 764 velit
1115 699 1312 763 lector
1381 698 1597 783 paullo
1662 699 1979 765 curiosior.
2082 700 2315 790 Cuperi
2358 702 2435 790 ¹).

339 818 649 884 diatriben
720 818 798 884 de
865 817 1239 904 Elephantis
1309 811 1521 882 videre
1591 819 1774 883 avide
1859 821 2183 908 desidero;
2261 845 2401 889 amo

342 937 509 1002 enim
560 937 767 1003 omnia
808 958 966 1024 quae
1008 937 1086 1002 ab
1123 960 1197 1002 eo
1233 938 1361 1002 viro
1394 939 1883 1023 proficiscuntur.
1948 940 2401 1007 Oxoniensium

342 1057 665 1143 epitaphia
727 1058 792 1120 in
838 1056 1084 1121 Ducem
1133 1055 1525 1120 Glocestriae
1556 1058 1605 1141 2)
1657 1057 1928 1123 nondum
1980 1061 2173 1125 oculis
2221 1083 2403 1126 usur-

341 1175 510 1262 pavi.
606 1173 694 1239 Ut
765 1196 980 1240 verum
1049 1175 1280 1260 fatear,
1352 1177 1527 1239 istius
1580 1176 1764 1258 ‘orbis
1816 1178 2053 1243 deliciis
2107 1181 2246 1264 jam
2295 1181 2404 1246 diu

345 1301 444 1358 est
509 1300 840 1380 postquam
910 1293 1096 1358 didici
1179 1316 1299 1359 non
1372 1295 1768 1381 impatienter
1838 1319 2071 1367 carere.
2172 1299 2399 1366 Acrius

348 1412 726 1478 desiderium
787 1434 890 1478 me
958 1419 1125 1478 tenet
1188 1413 1275 1480 tui
1325 1413 1675 1501 Ciceronis,
1729 1416 1789 1480 in
1825 1439 1948 1504 quo
1997 1420 2409 1506 perpolieudo

346 1537 414 1596 te
479 1532 797 1596 assiduum
865 1553 1002 1596 esse
1053 1547 1112 1596 et
1161 1538 1349 1619 opt0,
1405 1540 1467 1596 et
1512 1539 1679 1599 certe
1720 1537 1869 1601 scio.
1969 1537 2224 1603 Utinam
2258 1539 2411 1604 mihi

347 1652 681 1738 aliquando
749 1651 942 1715 libros
1012 1652 1155 1716 illos
1226 1653 1698 1740 philosophicos
1770 1657 2058 1723 evolvere
2125 1660 2315 1724 liceat
2374 1681 2411 1724 a

349 1777 460 1835 tua
526 1771 678 1835 lima
750 1772 1132 1856 castigatos!
1233 1771 1596 1856 Numquam
1672 1773 1787 1838 erit
1858 1783 1929 1839 ut
1994 1775 2092 1840 his
2156 1777 2413 1842 musteis

350 1891 696 1976 sapientiae
743 1890 1058 1973 magistris
1108 1912 1288 1955 suum
1336 1893 1637 1979 silphium
1683 1894 1959 1960 invidere
2009 1895 2214 1961 velim.
2307 1895 2407 1960 Tu

357 2011 449 2074 mi
510 2016 728 2096 pater,
791 2016 858 2074 ut
885 2011 965 2094 (Ρ)
1014 2010 1220 2076 labori
1267 2033 1597 2099 superesse
1646 2013 1851 2099 possis
1900 2014 2174 2079 omnium
2223 2016 2416 2079 utilis-

358 2131 518 2195 simo
533 2132 619 2217 3),
699 2150 846 2194 cura
911 2135 979 2194 ut
1026 2132 1278 2217 valeas,
1351 2137 1411 2195 et
1470 2139 1645 2194 tuum
1691 2129 2159 2197 Broukhusium
2208 2155 2417 2199 amare

355 2271 592 2336 perge,
645 2251 749 2337 qui
796 2256 858 2314 te
905 2251 1103 2314 unice.

453 2369 526 2434 In
576 2391 786 2435 eremo
836 2369 1196 2435 suburbano
1246 2368 1601 2434 Amstelod.
1658 2373 1697 2433 2
1748 2369 2051 2436 Februar.
2113 2374 2315 2437 1701.

1232 2616 1532 2682 CXXIV.

1006 2758 1194 2822 loanni
1241 2755 1488 2841 Geor-qiu
1537 2756 1779 2822 Graevio

1084 2869 1252 2932 lanus
1297 2868 1701 2934 Broukhusius.

457 3006 770 3093 Propertii
817 3008 941 3072 mei
990 3006 1320 3093 descriptio
1365 3007 1503 3091 jam
1554 3029 1627 3073 eo
1677 3008 1979 3095 perducta
2007 3015 2137 3095 est,
2190 3015 2257 3074 ut
2290 3009 2421 3075 fere

367 3126 443 3190 ad
509 3127 873 3190 umbilicum
941 3128 1018 3191 sit
1090 3133 1493 3213 perventum,
1573 3149 1773 3213 neque
1849 3128 2185 3214 quidquam
2234 3149 2273 3192 a
2318 3151 2419 3194 me

369 3244 754 3310 desideretur
803 3252 977 3310 extra
1027 3247 1320 3331 exiguam
1368 3246 1926 3332 praefatiunculam
1976 3247 2058 3310 ad
2098 3247 2415 3312 lectorem.

368 3365 440 3428 In
511 3387 632 3451 qua
705 3387 894 3451 quum
964 3363 1345 3430 decreverim
1415 3386 1642 3451 parcus
1717 3385 1887 3450 esse,
1968 3365 2194 3430 evitato
2255 3365 2423 3430 omni

311 3505 318 3516 ·
369 3506 597 3569 genere
674 3463 1128 3572 ampullarum,
1211 3506 1286 3549 ea
1354 3491 1591 3549 tautum
1665 3484 1869 3548 dicam
1943 3505 2101 3570 quae
2161 3484 2425 3550 dicenda

463 3655 503 3731 ¹)
593 3657 908 3715 Gisbertus
972 3656 1240 3735 Cuperus
1306 3656 1803 3732 (1644—1716),
1888 3655 2145 3730 Gelrus,
2206 3654 2426 3714 litteris

371 3760 618 3820 operam
661 3742 826 3800 dedit
869 3742 1181 3820 Lugduni,
1230 3742 1382 3800 vixit
1424 3741 1740 3811 Lutetiae,
1788 3740 1996 3799 consul
2041 3741 2158 3799 fuit
2188 3745 2250 3799 et
2284 3758 2426 3816 pro·

371 3829 565 3887 sessor
612 3827 862 3904 linguae
906 3828 1176 3886 Graecae
1222 3831 1405 3904 atque
1449 3825 1707 3885 Latinae
1737 3826 2133 3901 Daventriae,
2182 3825 2427 3883 nomine

374 3913 670 3971 Ordinum
723 3911 1287 3971 Transisalanorum
1342 3912 1458 3970 fuit
1517 3912 1759 3988 legatus
1803 3910 1880 3968 ad
1928 3909 2183 3968 Ordines
2229 3911 2429 3969 Gene-

371 3999 535 4058 rales
555 4041 574 4074 ,
621 3999 939 4057 comitatus
983 4003 1071 4056 est
1116 3997 1297 4056 duces
1339 4002 1577 4056 nostros
1618 3997 1682 4054 in
1713 3996 1906 4070 bello,
1938 3995 2163 4055 multos
2193 3995 2431 4074 scripsit

374 4084 562 4143 libros
607 4083 682 4142 de
726 4102 792 4141 re
835 4083 1190 4141 nummaria.
1279 4083 1425 4141 Eius
1467 4082 1626 4140 liber
1675 4083 1761 4140 De
1792 4081 2130 4158 elephantis
2160 4083 2226 4138 in
2257 4101 2429 4140 num-

375 4171 493 4228 mis
540 4169 733 4228 obviis
775 4169 980 4228 nescio
1027 4186 1145 4244 quo
1191 4186 1349 4225 anno
1396 4167 1655 4244 primum
1698 4166 2009 4244 prodierit.

465 4251 516 4328 ²)
603 4254 747 4312 Dux
815 4254 1218 4326 Glocestriae,
1283 4253 1443 4310 filius
1516 4251 1731 4308 Annae
1798 4252 2111 4326 Stuartae,
2169 4269 2329 4327 quae
2372 4268 2427 4308 a.

382 4341 544 4398 1702
590 4339 1023 4417 rempublicam
1065 4338 1384 4416 Anglicam
1431 4337 1793 4412 capessivit,
1844 4355 1896 4394 a.
1950 4339 2109 4395 1700
2157 4336 2328 4395 obiit.

465 4428 512 4498 ³)
603 4424 862 4483 Graevio
906 4444 1028 4484 non
1084 4424 1336 4502 contigit
1397 4421 1599 4482 omnia
1657 4421 1965 4482 Ciceronis
2010 4439 2195 4500 opera
2237 4419 2435 4498 philo-

377 4510 631 4596 sophica
674 4509 872 4569 edere.
