2975 5209
1571 454 1752 541 ss‘

591 679 827 743 fruatur
877 675 1233 762 respublica
1282 675 1572 739 literaria.
1672 675 1981 739 Misissem
2032 676 2245 761 citius,
2283 676 2397 740 nisi
2433 676 2652 740 decre-

592 799 821 861 vissem
893 796 1038 859 huic
1096 795 1372 879 homini,
1427 816 1612 881 quem
1660 795 1857 879 nosti,
1911 816 2049 859 eam
2100 797 2483 881 provinciam
2532 798 2652 859 im-

589 937 861 1003 ponere,
937 936 1058 1002 quo
1128 906 1318 978 tutius
1377 913 1455 977 ad
1509 921 1567 979 te
1614 915 1982 1000 perveniret.
2084 914 2423 1002 Antiquam
2470 916 2647 979 illam

587 1036 738 1101 Aldi
803 1036 1136 1101 editionem
1204 1054 1518 1120 nunquam
1572 1035 1765 1098 oculis
1814 1036 2127 1120 usurpavi.
2225 1035 2447 1123 Neque
2496 1036 2653 1122 quid

589 1156 890 1223 Francius
962 1153 1264 1218 librorum
1337 1160 1619 1218 veterum
1690 1154 1959 1239 habeat,
2029 1156 2177 1219 satis
2226 1156 2375 1245 scio.
2474 1154 2648 1219 Eum

590 1275 800 1341 dicunt
839 1274 916 1339 ab
952 1273 1108 1339 urbe
1141 1273 1399 1359 abesse,
1444 1295 1603 1359 quae
1639 1295 1857 1339 caussa
1893 1275 2007 1339 fuit
2040 1298 2161 1361 quo
2196 1276 2398 1340 minus
2428 1276 2650 1341 literas

587 1396 707 1483 ipsi
755 1401 893 1460 tuas
943 1394 1350 1460 exhibuerim.
1441 1395 1708 1460 Beatum
1744 1400 2019 1460 nostrum
2052 1396 2353 1481 Bergium
2385 1396 2653 1459 memini

587 1536 877 1598 narrare,
925 1516 1231 1579 invenisse
1279 1536 1348 1579 se
1399 1514 1649 1579 Bredae
1700 1516 2024 1602 exemplar
2066 1536 2327 1602 operum
2360 1516 2647 1602 philoso-

589 1638 915 1725 phicorum
989 1636 1343 1722 Ciceronis,
1422 1637 1483 1699 in
1563 1657 1728 1722 quo,
1790 1656 1929 1700 cum
1980 1636 2153 1721 aliis,
2206 1642 2413 1701 essent
2459 1642 2650 1701 notae

589 1757 929 1823 Camerarii
971 1758 1032 1841 ¹).
1131 1755 1316 1821 Unde
1384 1755 1638 1821 credere
1706 1756 1897 1842 libet,
1969 1776 2083 1820 nec
2131 1756 2647 1837 fortassevane,

589 1900 726 1943 esse
794 1876 1055 1943 eandem
1124 1876 1454 1940 editionem
1531 1898 1672 1940 cum
1721 1898 1864 1941 mea
1913 1898 2095 1963 quam
2147 1878 2341 1940 mitto,
2445 1874 2648 1947 Quid·
2678 1906 2697 1913 —

588 1997 731 2086 quid
780 1977 894 2084 sit,
948 1998 1083 2082 ejus
1117 1995 1256 2059 libri
1307 2016 1492 2058 usum
1527 2017 1647 2059 non
1684 1996 1938 2080 negabit
1972 1996 2086 2059 tibi
2118 1996 2419 2081 Bootius3
2469 2016 2645 2059 rece·

586 2124 763 2205 perat
826 2118 986 2181 enim
1034 2117 1095 2179 in
1147 2138 1215 2180 se
1266 2136 1480 2179 curam
1534 2116 1879 2181 servandae
1932 2116 2386 2201 bibliothecae,
2443 2116 2651 2180 donec

487 2310 493 2317 ‚
588 2259 625 2301 a
671 2236 1032 2320 Knitteli02)
1077 2236 1298 2300 certior
1332 2236 1506 2299 fieret
1540 2228 1683 2322 quid
1719 2238 2131 2301 constituisset
2166 2236 2384 2321 Bergii
2418 2243 2639 2299 mater.

587 2356 655 2421 Si
703 2376 850 2422 vero
900 2355 1102 2421 adhuc
1153 2356 1318 2443 apud
1371 2340 1682 2443 hospitem
1724 2358 2128 2422 remanserint
2160 2357 2335 2442 libri,
2393 2356 2649 2421 decrevi

581 2478 721 2562 ipse
756 2476 1116 2562 Trajectum
1151 2477 1380 2561 venire,
1425 2477 1688 2540 simulac
1721 2478 1919 2542 sciero
1954 2477 2100 2563 quid
2132 2499 2321 2565 super
2354 2474 2650 2541 adeunda

587 2618 728 2661 mea
776 2597 1156 2661 haereditate
1203 2603 1583 2661 transactum
1618 2596 1818 2661 fuerit.
1897 2596 2274 2683 Signiferum
2310 2597 2388 2661 de
2421 2595 2643 2681 HaaS,

579 2739 772 2804 quem
843 2717 1075 2802 Bergio
1150 2738 1578 2782 successurum
1649 2719 1711 2781 in
1784 2738 2037 2781 munere
2102 2718 2372 2803 optionis
2422 2737 2647 2780 omnes

587 2838 770 2903 amici
842 2838 1288 2925 sperabamuS,
1361 2838 1545 2924 idque
1618 2859 1741 2902 non
1805 2838 1937 2903 sine
1986 2838 2187 2902 multa
2236 2836 2647 2903 similitudine

589 2958 750 3042 veri,
804 2979 915 3043 spe
964 2978 1076 3020 sua
1125 2978 1197 3020 ac
1248 2963 1458 3021 nostra
1510 2958 1817 3021 excidisse
1867 2958 2092 3021 invitus
2144 2957 2351 3047 didici.
2428 2956 2646 3022 Velim

589 3079 746 3143 scire
797 3078 931 3165 quis
981 3078 1059 3140 sit
1104 3077 1213 3141 ille
1263 3077 1551 3141 beatulus
1600 3078 1704 3163 qui
1751 3078 1952 3142 Hasio
1986 3077 2285 3164 praeferri
2319 3080 2639 3143 meruerit.

585 3199 661 3263 Id
710 3204 770 3263 te
820 3174 1045 3262 docere
1094 3172 1302 3282 potest·
1334 3196 1637 3284 Bootiu8,
1678 3198 1776 3262 cui
1808 3198 2137 3283 plurimam
2172 3199 2436 3263 salutem
2471 3198 2641 3264 dico.

588 3318 750 3384 Vale
811 3317 925 3381 Vir
989 3317 1562 3405 praestantissime,
1634 3325 1696 3382 et
1762 3340 1862 3382 me
1912 3340 2121 3383 amare
2166 3340 2379 3405 perge.
2480 3318 2643 3383 Am-

591 3440 938 3507 stelodami.
987 3438 1144 3503 VIII
1190 3438 1478 3524 Augus-ti.
1538 3442 1735 3505 1691.

1411 3765 1817 3783 ’.ΡἉᾺΓΦΝὋΣΙἊἉ-’ΧΓ-Ινν

679 4129 720 4201 ¹)
809 4126 1086 4185 Joachim
1138 4125 1519 4184 Camerarius
1566 4125 2037 4199 (1500-1574)
2065 4170 2079 4200 ,
2112 4126 2465 4202 Germanus,
2491 4129 2642 4186 ami-

545 4284 550 4289 ³
591 4233 694 4273 cus
759 4210 1025 4291 Philippi
1090 4210 1605 4285 Melanchthonis,
1666 4210 1966 4286 professor
2010 4212 2124 4269 fuit
2167 4212 2644 4290 Norimbergae‚

589 4300 938 4379 Tubingae‚
985 4297 1243 4375 Lipsiae.
1315 4297 1537 4355 Multos
1570 4302 1846 4355 auctores
1878 4297 2145 4355 Graecos
2176 4304 2359 4377 atque
2388 4298 2646 4363 Latinos

587 4386 793 4449 edidit.

677 4501 722 4584 ὓ)
809 4498 888 4567 Et
939 4495 1222 4565 Bootium
1274 4499 1334 4561 et
1377 4493 1739 4561 Knittelium
1780 4493 2013 4582 ignoro.
