2975 5209
1289 497 1414 560 127
1489 445 1503 458 ·

1245 691 1371 754 103
1417 694 1475 773 1).

1041 805 1210 892 ⁴lano
1256 830 1611 894 Broukhusio

1098 939 1132 1002 Ι.
1178 939 1236 1002 F.
1281 939 1605 1005 Cramer-us.

422 1101 556 1167 Sub
604 1103 790 1168 finem
821 1104 1002 1168 huius
1051 1104 1486 1170 hebdomadae
1538 1108 1780 1192 cogitur
1814 1107 2035 1192 „jussu
2075 1105 2373 1171 Patroni”

325 1222 425 1286 sui
497 1223 560 1286 in
630 1223 798 1287 viam
865 1245 933 1289 se
985 1224 1132 1288 dare
1179 1231 1248 1288 ut
1297 1233 1643 1290 revertatur
1693 1227 2074 1291 Berolinum.
2132 1225 2380 1290 Gratias

328 1342 466 1427 agit
508 1363 622 1428 pro
689 1345 978 1429 „prolixa
1025 1344 1163 1408 Tua
1209 1345 1269 1408 in
1318 1368 1421 1410 me
1471 1348 1828 1432 vo'untate,
1882 1347 2060 1432 cujus
2110 1347 2209 1412 vel
2256 1345 2388 1410 infi-

327 1461 463 1524 nita
532 1461 901 1528 documenta
970 1463 1124 1527 mihi
1192 1463 1482 1529 dedisti.’'
1542 1515 1555 1528 .
1612 1515 1626 1530 .
1682 1515 1697 1528 .
1752 1515 1766 1530 .
1826 1465 1937 1547 „Si
1997 1466 2058 1528 in
2118 1465 2390 1529 animum

324 1579 649 1645 induxeris
697 1581 930 1647 litteras
965 1582 1113 1647 dare
1147 1583 1228 1648 ad
1261 1582 1482 1666 Virum
1514 1583 1745 1649 Illustr.
1783 1584 2385 1669 Danckelmannum,

329 1721 727 1767 communem
756 1702 1135 1788 Patronum,
1190 1724 1267 1768 eo
1303 1705 1557 1768 consilio
1575 1754 1595 1786 ,
1644 1712 1712 1768 ut
1762 1705 2164 1769 constantiam
2211 1703 2386 1768 Tuae

333 1841 490 1906 erga
573 1843 882 1886 summum
973 1821 1193 1887 Virum
1280 1822 1613 1887 voluntatis
1690 1823 2009 1908 demareS,
2086 1823 2395 1909 simulque

333 1941 684 2028 significes,
749 1963 862 2029 per
910 1941 1004 2007 Te
1051 1964 1172 2007 non
1221 1949 1415 2028 stare,
1471 1963 1596 2027 quo
1647 1944 1849 2006 minus
1900 1943 2037 2027 ejus
2088 1943 2390 2007 voluntati

337 2061 420 2125 de
469 2060 668 2126 Ponte
717 2062 996 2127 versibus
1047 2061 1422 2128 celebrando
1458 2064 1509 2146 2)
1561 2084 1749 2149 quam
1785 2063 2053 2148 primum
2088 2061 2195 2126 fiat
2222 2038 2388 2144 satie,

341 2181 681 2246 dummodo
731 2188 1103 2267 statuarum,
1169 2204 1327 2268 quae
1374 2183 1437 2246 in
1486 2182 1596 2247 illo
1649 2183 2156 2266 collocabuntur,
2212 2180 2398 2244 edan-

339 2306 444 2364 tur
511 2301 796 2387 nomina3
871 2301 1029 2386 hoc,
1103 2302 1393 2388 inquam,
1463 2303 1516 2366 si
1564 2302 1820 2382 feceriS,
1874 2322 2102 2387 easque
2149 2301 2395 2364 litteras

342 2420 499 2484 mihi
570 2420 966 2507 perferendas
1035 2421 1457 2508 commiseris,
1512 2422 1845 2485 adventum
1892 2441 2101 2485 meum
2147 2417 2400 2484 Maece-

345 2540 474 2604 nati
536 2547 746 2605 nostro
809 2542 1002 2606 multo
1069 2542 1404 2627 gratiorem
1474 2548 1536 2606 et
1575 2539 2010 2626 junnae-{orem
2061 2538 2195 2604 fore
2257 2559 2401 2603 con-

343 2659 535 2726 fido.”
560 2699 646 2710 -—
674 2659 1169 2726 Danckelmanni
1193 2662 1390 2747 filius,
1425 2662 1773 2744 „alummus
1800 2659 2112 2747 quondam
2140 2657 2396 2744 meus'’,

347 2779 814 2866 abimperatore
830 2781 1159 2868 Leopoldo
1183 2782 1368 2868 Rycx
1381 2781 1781 2868 Hoff-Raedt
1797 2779 2188 2845 renuntiatus
2219 2786 2312 2844 est
2328 2773 2397 2863 ³).

346 2896 795 2984 Epigramma,
865 2921 985 2985 quo
1037 2921 1248 2965 manes
1297 2898 1682 2966 Pufendorfii
1714 2901 1763 2984 4)
1812 2899 2251 2964 Broukhusius
2300 2919 2406 2962 co—

350 3016 737 3104 honestavit,
792 3019 974 3084 valde
1020 3020 1272 3105 placuit.
1377 3019 1672 3102 „Dabam
1724 3018 2224 3084 dormituriens”.

451 3134 726 3221 Trajecti
770 3137 990 3203 Batav.
1045 3159 1101 3202 a.
1157 3139 1215 3202 d.
1268 3138 1446 3203 XIV.
1508 3139 1843 3204 Decembr.
1891 3133 2399 3204 OIOIOOXOIV.

446 3479 488 3558 ¹)
576 3485 651 3543 In
695 3485 1079 3545 Bibliotheca
1123 3486 1534 3565 Lugdunensi.

443 3597 488 3670 2)
579 3596 784 3656 Sermo
861 3616 990 3656 esse
1063 3598 1300 3657 videtur
1367 3598 1441 3656 de
1498 3602 1684 3676 ponte
1742 3596 2153 3672 Berolinensi,
2222 3613 2399 3672 quem

355 3679 566 3740 dicunt
635 3683 1314 3756 „Kurfiirstenbriicke’'.
1427 3683 1580 3742 Cum
1635 3684 1740 3742 ille
1799 3702 1855 3741 a.
1922 3685 2081 3740 1703
2150 3687 2399 3740 ornatus

357 3771 516 3827 esset
558 3770 762 3826 statua
805 3769 1070 3844 equestri
1112 3769 1406 3828 Electoris
1449 3768 1755 3828 Frederici
1802 3766 2089 3827 Gulielmi
2134 3768 2203 3824 Β.
2236 3767 2299 3825 in
2328 3766 2402 3823 il-

356 3851 479 3909 lam
522 3857 783 3912 statuam
825 3873 1064 3912 carmen
1098 3855 1442 3936 ‘composuit
1492 3853 1590 3930 (cf.
1643 3856 1875 3927 Poem.,
1921 3873 2059 3930 pag.
2112 3855 2280 3926 386).

451 3959 501 4037 ³)
523 3963 668 4024 Fuit
687 3964 1042 4023 Fredericus
1066 3964 1320 4023 Carolus
1335 3965 1885 4039 Danckelmannus,
1913 3964 2003 4023 cui
2029 3962 2409 4024 Wetstenius

363 4067 417 4105 a.
452 4051 613 4107 1696
642 4067 825 4126 opera
845 4050 1029 4108 Aonii
1051 4050 1311 4108 Palearii
1335 4070 1372 4108 a
1393 4050 1775 4109 Broukhusio
1802 4050 2057 4108 collecta
2080 4048 2401 4107 dedicavit.

455 4155 504 4233 4)
591 4160 660 4216 B.
709 4160 1041 4238 composuit
1085 4179 1356 4220 carmen:
1440 4162 1516 4220 In
1563 4163 1787 4220 obitum
1835 4159 2137 4219 Samuelis
2186 4159 2415 4235 Pufen-

367 4245 570 4318 dorfii
587 4245 832 4321 (Poena,
854 4266 992 4324 pag.
1022 4249 1187 4321 376).
1236 4247 1477 4305 Samuel
1500 4245 1849 4320 Pufendorf,
1875 4252 2051 4305 natus
2075 4265 2128 4304 a.
2160 4247 2319 4304 1632
2344 4245 2409 4303 in

371 4328 663 4404 Saxonia,
708 4350 894 4409 opera
935 4332 1222 4392 historica
1266 4339 1326 4391 et
1368 4333 1621 4391 iuridica
1664 4331 1933 4409 scripsit,
1964 4333 2183 4408 quibus
2212 4329 2429 4387 maxi?

370 4433 530 4489 mam
589 4416 706 4475 sibi
770 4418 1029 4494 gloriam
1082 4419 1470 4495 comparavit.
1562 4418 1729 4477 Obiit
1770 4416 2040 4477 Berolini
2085 4416 2139 4474 d.
2186 4413 2407 4472 XXVI

377 4497 656 4562 Octobris
706 4505 886 4562 1694.
