2975 5209
1355 486 1436 550 57

1305 736 1392 797 49
1436 734 1497 815 1).

1137 900 1273 963 lano
1319 898 1673 965 Broukhusio

1147 1011 1182 1075 Ι.
1227 1010 1284 1074 Ρ.
1331 1010 1655 1075 Gramerus.

480 1178 785 1259 „Carmen
837 1177 1128 1243 Funebre
1177 1179 1438 1242 Illustris
1492 1177 1798 1242 Graevius
1825 1178 1972 1242 mibi
2010 1177 2417 1242 tradidit.”....

373 1297 624 1362 Laudat
687 1299 980 1383 elegiam,
1055 1320 1235 1385 quam
1305 1300 1471 1363 misit
1534 1299 1610 1362 ad
1682 1298 2062 1379 „Dominum
2132 1297 2417 1382 meum,”
2480 1293 2489 1303 '

327 1408 336 1413 ⁶
371 1418 951 1484 Danckelmannum
981 1414 1054 1503 2).

471 1538 642 1625 Traj.
699 1562 750 1604 a.
808 1541 864 1605 cl.
918 1539 1136 1605 XXIV
1187 1539 1355 1605 Junii
1405 1534 2027 1603 CIOIOLXXXIIX.

1197 1712 1603 1729 Vsssssf—f-X‘'-l·.”2”.st.‘.l'=fi

1354 1842 1434 1906 L..

1010 2010 1204 2075 loanni
1248 2008 1493 2092 Geor-qiu
1541 2008 1783 2073 Graevio

1035 2201 1041 2205 ⁴
1084 2122 1251 2186 lanus
1295 2121 1699 2186 Broukhusius.

465 2284 756 2371 Elegiam
807 2303 1008 2351 meam
1063 2289 1226 2374 quod
1278 2310 1396 2353 non
1449 2288 1842 2374 displicuisse
1891 2285 2001 2350 tibi
2037 2285 2247 2369 vide0,
2300 2284 2414 2347 Vir

371 2404 822 2488 Celeberrime,
903 2407 1102 2471 laetor
1176 2429 1255 2471 ex
1323 2408 1525 2471 animo
1600 2414 1782 2493 atque
1841 2404 2171 2491 triumpho,
2271 2403 2410 2467 Non

372 2524 535 2589 enim
613 2524 772 2589 adeo
833 2525 1077 2590 Stoicus
1129 2548 1301 2609 sum,
1358 2536 1428 2590 ut.
1478 2528 1667 2593 nolim
1717 2547 1817 2591 me
1868 2548 1940 2590 ac
1988 2546 2128 2589 mea
2174 2524 2449 2590 laudari.

371 2666 412 2708 a
483 2645 614 2709 viro
694 2646 1139 2712 laudatissimo,
1237 2646 1517 2731 Vellem,
1603 2648 1655 2711 si
1726 2649 1812 2711 ita
1882 2646 1993 2710 tibi
2068 2645 2409 2728 videbitur,

374 2764 663 2831 ederetur
730 2764 894 2852 apud
960 2787 1106 2850 vos,
1187 2774 1247 2831 et
1294 2768 1543 2852 triginta
1588 2768 1741 2832 mihi
1790 2767 2172 2854 exemplaria
2220 2773 2414 2830 trans-

376 2885 799 2970 mitterentur,
879 2906 1023 2950 aere
1086 2908 1227 2951 meo
1299 2887 1678 2951 redimenda.
1778 2885 1946 2950 Nihil
1998 2886 2255 2972 propius
2303 2885 2417 2949 fuit

371 3025 565 3089 quam·
610 3008 678 3068 ut
726 3004 848 3069 hoc
895 3006 1030 3091 ipso
1082 3006 1183 3069 die
1235 3007 1312 3070 ad
1366 3000 1943 3089 vos'excurrerem,
1998 3004 2416 3068 oblectaturus

305 3200 316 3205 ‚
373 3144 631 3209 aegrum
709 3126 978 3189 animum
1054 3126 1422 3191 suavissimo
1502 3133 1591 3189 tot
1664 3125 1999 3188 amicorum
2067 3124 2412 3206 consortie,

371 3242 486 3307 sed
536 3244 743 3308 nescio
795 3266 955 3331 quae
989 3245 1342 3330 importuna
1375 3267 1476 3309 me
1519 3243 1790 3330 quotidie
1821 3243 2097 3306 irretiunt
2130 3242 2410 3325 negotia,

373 3368 437 3427 et
503 3363 950 3451 profectionem
1020 3386 1222 3435 meam
1275 3364 1523 3429 differre
1574 3370 1797 3447 cogunt
1848 3362 1924 3426 ad
1977 3362 2211 3447 aliquot
2260 3360 2410 3423 dies.

380 3481 670 3575 Ostendit
718 3484 868 3547 mihi
918 3484 1326 3549 Wetsteinius
1367 3485 1414 3566 3)
1465 3482 1777 3569 specimen
1830 3482 2113 3546 editionis
2161 3481 2416 3544 fratrum

474 3728 515 3803 ¹)
601 3730 683 3787 In·
720 3730 1102 3789 Bibliotheca
1145 3729 1556 3807 Lugdunensi.

466 3812 511 3888 ²)
599 3815 915 3874 Eberhard
974 3815 1294 3893 Christoph
1354 3816 1675 3874 Baithasar
1716 3814 2176 3872 Danckelmann
2220 3818 2411 3890 (1643

383 3902 656 3974 -1722)
736 3907 1093 3978 praeceptor
1166 3902 1280 3961 fuit
1351 3901 1458 3959 filii
1532 3900 1827 3959 Electoris
1898 3900 2411 3978 Brandeburgici,

373 3986 685 4044 Frederici
751 3986 1034 4045 Gulielmi
1101 3987 1324 4062 Magni.
1413 3986 1533 4044 Illo
1599 3992 1834 4044 mortuo
1903 3986 2254 4045 Frederieus
2318 3988 2412 4045 IiI

374 4072 938 4131 Danckelmannum
988 4092 1041 4129 a.
1098 4075 1255 4129 1688
1304 4072 1637 4130 ministrum
1677 4077 1867 4130 status
1898 4072 2241 4147 primarium
2274 4092 2412 4132 con-

377 4158 590 4216 stituit.
686 4159 859 4216 Anno
913 4160 1068 4215 1697
1103 4158 1256 4215 falso
1289 4164 1603 4215 accusatus
1634 4157 1934 4215 abdicavit
1965 4177 2027 4215 sc
2060 4160 2413 4236 magistratu

379 4249 441 4302 et
500 4243 682 4320 paulo
742 4249 876 4319 post
933 4243 994 4301 in
1061 4261 1364 4302 carcerem
1429 4244 1736 4300 coniectus
1782 4262 1817 4299 a
1863 4243 2157 4303 Gulielmo
2203 4245 2264 4319 I,
2314 4246 2415 4321 qui

374 4348 430 4385 a.
486 4330 644 4390 1713
691 4328 1002 4403 imperium
1051 4328 1400 4405 capessivit,
1446 4328 1602 4385 liber
1649 4334 1737 4385 est
1782 4328 2075 4387 dimissus.

465 4410 515 4486 ³)
603 4414 902 4471 Henricus
961 4412 1258 4471 Wetstein
1319 4415 1823 4487 (1649-1726),
1884 4420 2063 4473 natus
2121 4416 2415 4488 Basiliae,

359 4499 492 4558 'fuit
539 4499 870 4577 bibliopola
912 4499 1523 4558 Amstelaedamensis
1567 4499 2007 4557 celeberrimus.
