<?xml version="1.0" encoding="UTF-8"?>
<!DOCTYPE html PUBLIC "-//W3C//DTD XHTML 1.0 Transitional//EN"
    "http://www.w3.org/TR/xhtml1/DTD/xhtml1-transitional.dtd">
<html xmlns="http://www.w3.org/1999/xhtml" xml:lang="en" lang="en">
 <head>
  <title>
</title>
<meta http-equiv="Content-Type" content="text/html;charset=utf-8" />
  <meta name='ocr-system' content='tesseract 3.04.00' />
  <meta name='ocr-capabilities' content='ocr_page ocr_carea ocr_par ocr_line ocrx_word'/>
</head>
<body>
  <div class='ocr_page' id='page_1' title='image "./epistolaeselect00worpgoog_0082.png"; bbox 0 0 2975 5209; ppageno 0'>
   <div class='ocr_carea' id='block_1_1' title="bbox 1552 457 1754 719">
    <p class='ocr_par' dir='ltr' id='par_1_1' title="bbox 1552 457 1754 719">
     <span class='ocr_line' id='line_1_1' title="bbox 1610 457 1696 522; baseline 0 0"><span class='ocrx_word' id='word_1_1' title='bbox 1610 457 1696 522; x_wconf 83' lang='lat'>68</span> 
     </span>
     <span class='ocr_line' id='line_1_2' title="bbox 1552 652 1754 719; baseline -0.005 0"><span class='ocrx_word' id='word_1_2' title='bbox 1552 652 1754 719; x_wconf 86' lang='lat' dir='ltr'>LVII.</span> 
     </span>
    </p>
   </div>
   <div class='ocr_carea' id='block_1_2' title="bbox 1273 820 2045 1000">
    <p class='ocr_par' dir='ltr' id='par_1_2' title="bbox 1273 820 2045 1000">
     <span class='ocr_line' id='line_1_3' title="bbox 1273 820 2045 904; baseline -0.005 -16"><span class='ocrx_word' id='word_1_3' title='bbox 1273 822 1463 887; x_wconf 78' lang='lat' dir='ltr'>loannl</span> <span class='ocrx_word' id='word_1_4' title='bbox 1509 822 1755 904; x_wconf 73' lang='lat' dir='ltr'>Geor-qiu</span> <span class='ocrx_word' id='word_1_5' title='bbox 1802 820 2045 885; x_wconf 77' lang='lat' dir='ltr'>Graevio</span> 
     </span>
     <span class='ocr_line' id='line_1_4' title="bbox 1344 932 1964 1000; baseline -0.002 -2"><span class='ocrx_word' id='word_1_6' title='bbox 1344 935 1514 998; x_wconf 82' lang='lat' dir='ltr'>lanus</span> <span class='ocrx_word' id='word_1_7' title='bbox 1559 932 1964 1000; x_wconf 79' lang='lat' dir='ltr'>Broukhusius.</span> 
     </span>
    </p>
   </div>
   <div class='ocr_carea' id='block_1_3' title="bbox 616 1070 2695 3552">
    <p class='ocr_par' dir='ltr' id='par_1_3' title="bbox 616 1070 2695 3552">
     <span class='ocr_line' id='line_1_5' title="bbox 721 1070 2691 1162; baseline -0.001 -23"><span class='ocrx_word' id='word_1_8' title='bbox 721 1075 1042 1162; x_wconf 82' lang='lat' dir='ltr'>Supremis</span> <span class='ocrx_word' id='word_1_9' title='bbox 1111 1075 1229 1139; x_wconf 89' lang='lat' dir='ltr'>tuis</span> <span class='ocrx_word' id='word_1_10' title='bbox 1298 1074 1379 1139; x_wconf 82' lang='lat' dir='ltr'>ad</span> <span class='ocrx_word' id='word_1_11' title='bbox 1435 1074 1767 1139; x_wconf 84' lang='lat' dir='ltr'>Francium</span> <span class='ocrx_word' id='word_1_12' title='bbox 1827 1074 2057 1159; x_wconf 83' lang='lat' dir='ltr'>literis,</span> <span class='ocrx_word' id='word_1_13' title='bbox 2110 1070 2223 1136; x_wconf 86' lang='lat' dir='ltr'>Vir</span> <span class='ocrx_word' id='word_1_14' title='bbox 2273 1072 2647 1138; x_wconf 84' lang='lat' dir='ltr'>Clarissime</span> <span class='ocrx_word' id='word_1_15' title='bbox 2668 1123 2691 1155; x_wconf 87' lang='lat'>,</span> 
     </span>
     <span class='ocr_line' id='line_1_6' title="bbox 624 1193 2689 1282; baseline -0.002 -22"><span class='ocrx_word' id='word_1_16' title='bbox 624 1216 802 1282; x_wconf 87' lang='lat' dir='ltr'>spem</span> <span class='ocrx_word' id='word_1_17' title='bbox 869 1195 1047 1260; x_wconf 88' lang='lat' dir='ltr'>nobis</span> <span class='ocrx_word' id='word_1_18' title='bbox 1097 1195 1333 1260; x_wconf 85' lang='lat' dir='ltr'>feceras</span> <span class='ocrx_word' id='word_1_19' title='bbox 1386 1194 1636 1260; x_wconf 88' lang='lat' dir='ltr'>videndi</span> <span class='ocrx_word' id='word_1_20' title='bbox 1683 1194 1810 1278; x_wconf 91' lang='lat' dir='ltr'>tui,</span> <span class='ocrx_word' id='word_1_21' title='bbox 1881 1214 2065 1280; x_wconf 88' lang='lat' dir='ltr'>quam</span> <span class='ocrx_word' id='word_1_22' title='bbox 2116 1198 2323 1257; x_wconf 87' lang='lat' dir='ltr'>tamen</span> <span class='ocrx_word' id='word_1_23' title='bbox 2372 1193 2689 1257; x_wconf 86' lang='lat' dir='ltr'>hactenus</span> 
     </span>
     <span class='ocr_line' id='line_1_7' title="bbox 623 1314 2691 1401; baseline -0.001 -22"><span class='ocrx_word' id='word_1_24' title='bbox 623 1314 776 1379; x_wconf 88' lang='lat' dir='ltr'><strong>nihil</strong></span> <span class='ocrx_word' id='word_1_25' title='bbox 827 1315 940 1378; x_wconf 90' lang='lat' dir='ltr'>nisi</span> <span class='ocrx_word' id='word_1_26' title='bbox 990 1336 1167 1401; x_wconf 91' lang='lat' dir='ltr'>spem</span> <span class='ocrx_word' id='word_1_27' title='bbox 1204 1336 1342 1379; x_wconf 88' lang='lat' dir='ltr'>esse</span> <span class='ocrx_word' id='word_1_28' title='bbox 1383 1314 1552 1378; x_wconf 91' lang='lat' dir='ltr'>haud</span> <span class='ocrx_word' id='word_1_29' title='bbox 1580 1314 1777 1378; x_wconf 89' lang='lat' dir='ltr'>semel</span> <span class='ocrx_word' id='word_1_30' title='bbox 1804 1320 2063 1400; x_wconf 86' lang='lat' dir='ltr'>uterque</span> <span class='ocrx_word' id='word_1_31' title='bbox 2088 1314 2411 1399; x_wconf 82' lang='lat' dir='ltr'>conquesti</span> <span class='ocrx_word' id='word_1_32' title='bbox 2440 1334 2691 1377; x_wconf 85' lang='lat' dir='ltr'>sumus.</span> 
     </span>
     <span class='ocr_line' id='line_1_8' title="bbox 625 1431 2689 1521; baseline -0.001 -23"><span class='ocrx_word' id='word_1_33' title='bbox 625 1432 805 1498; x_wconf 84' lang='lat' dir='ltr'>Nunc</span> <span class='ocrx_word' id='word_1_34' title='bbox 854 1439 1099 1518; x_wconf 87' lang='lat' dir='ltr'>autem,</span> <span class='ocrx_word' id='word_1_35' title='bbox 1151 1444 1486 1521; x_wconf 74' lang='lat' dir='ltr'>postquam</span> <span class='ocrx_word' id='word_1_36' title='bbox 1540 1433 1823 1519; x_wconf 51' lang='lat' dir='ltr'>Ffflqora</span> <span class='ocrx_word' id='word_1_37' title='bbox 1875 1435 2208 1496; x_wconf 81' lang='lat' dir='ltr'>mitescunt</span> <span class='ocrx_word' id='word_1_38' title='bbox 2250 1432 2565 1517; x_wconf 72' lang='lat' dir='ltr'><strong><em>Zephyris</em></strong></span> <span class='ocrx_word' id='word_1_39' title='bbox 2606 1431 2689 1519; x_wconf 89' lang='lat'>&#39;),</span> 
     </span>
     <span class='ocr_line' id='line_1_9' title="bbox 626 1551 2695 1639; baseline -0.001 -20"><span class='ocrx_word' id='word_1_40' title='bbox 626 1552 953 1619; x_wconf 85' lang='lat' dir='ltr'>adventum</span> <span class='ocrx_word' id='word_1_41' title='bbox 981 1559 1150 1617; x_wconf 92' lang='lat' dir='ltr'>tuum</span> <span class='ocrx_word' id='word_1_42' title='bbox 1183 1553 1259 1619; x_wconf 92' lang='lat' dir='ltr'>de</span> <span class='ocrx_word' id='word_1_43' title='bbox 1285 1553 1386 1617; x_wconf 88' lang='lat' dir='ltr'>dio</span> <span class='ocrx_word' id='word_1_44' title='bbox 1410 1553 1469 1616; x_wconf 92' lang='lat' dir='ltr'>in</span> <span class='ocrx_word' id='word_1_45' title='bbox 1500 1552 1664 1617; x_wconf 90' lang='lat' dir='ltr'>diem</span> <span class='ocrx_word' id='word_1_46' title='bbox 1690 1553 2160 1639; x_wconf 81' lang='lat' dir='ltr'><strong>praestolamur.</strong></span> <span class='ocrx_word' id='word_1_47' title='bbox 2188 1551 2695 1617; x_wconf 85' lang='lat' dir='ltr'>Prodiitinterea</span> 
     </span>
     <span class='ocr_line' id='line_1_10' title="bbox 626 1670 2693 1758; baseline -0 -23"><span class='ocrx_word' id='word_1_48' title='bbox 626 1670 1075 1757; x_wconf 77' lang='lat' dir='ltr'>SannazariuS,</span> <span class='ocrx_word' id='word_1_49' title='bbox 1157 1672 1374 1758; x_wconf 89' lang='lat' dir='ltr'>cujus,</span> <span class='ocrx_word' id='word_1_50' title='bbox 1446 1677 1513 1736; x_wconf 91' lang='lat' dir='ltr'>ut</span> <span class='ocrx_word' id='word_1_51' title='bbox 1576 1694 1613 1736; x_wconf 88' lang='lat' dir='ltr'>a</span> <span class='ocrx_word' id='word_1_52' title='bbox 1679 1673 1893 1758; x_wconf 85' lang='lat' dir='ltr'>praelo</span> <span class='ocrx_word' id='word_1_53' title='bbox 1954 1676 2047 1735; x_wconf 89' lang='lat' dir='ltr'>est</span> <span class='ocrx_word' id='word_1_54' title='bbox 2095 1692 2351 1757; x_wconf 87' lang='lat' dir='ltr'>recens,</span> <span class='ocrx_word' id='word_1_55' title='bbox 2402 1672 2519 1736; x_wconf 89' lang='lat' dir='ltr'>tria</span> <span class='ocrx_word' id='word_1_56' title='bbox 2567 1670 2693 1735; x_wconf 92' lang='lat' dir='ltr'>tibi</span> 
     </span>
     <span class='ocr_line' id='line_1_11' title="bbox 627 1788 2689 1878; baseline 0 -23"><span class='ocrx_word' id='word_1_57' title='bbox 627 1792 802 1856; x_wconf 87' lang='lat' dir='ltr'>mitto</span> <span class='ocrx_word' id='word_1_58' title='bbox 879 1792 1285 1878; x_wconf 82' lang='lat' dir='ltr'>exemplaria.</span> <span class='ocrx_word' id='word_1_59' title='bbox 1384 1790 1674 1855; x_wconf 88' lang='lat' dir='ltr'>Alterum</span> <span class='ocrx_word' id='word_1_60' title='bbox 1743 1811 1959 1856; x_wconf 88' lang='lat' dir='ltr'>eorum</span> <span class='ocrx_word' id='word_1_61' title='bbox 2017 1788 2429 1878; x_wconf 89' lang='lat' dir='ltr'>Amplissimo</span> <span class='ocrx_word' id='word_1_62' title='bbox 2478 1790 2689 1855; x_wconf 87' lang='lat' dir='ltr'>Hars-</span> 
     </span>
     <span class='ocr_line' id='line_1_12' title="bbox 627 1910 2688 1999; baseline 0.001 -26"><span class='ocrx_word' id='word_1_63' title='bbox 627 1910 912 1997; x_wconf 88' lang='lat' dir='ltr'>campio,</span> <span class='ocrx_word' id='word_1_64' title='bbox 974 1910 1152 1995; x_wconf 87' lang='lat' dir='ltr'>cujus</span> <span class='ocrx_word' id='word_1_65' title='bbox 1201 1910 1593 1996; x_wconf 88' lang='lat' dir='ltr'>potissimum</span> <span class='ocrx_word' id='word_1_66' title='bbox 1641 1911 1702 1974; x_wconf 90' lang='lat' dir='ltr'>in</span> <span class='ocrx_word' id='word_1_67' title='bbox 1753 1913 2023 1997; x_wconf 81' lang='lat' dir='ltr'>gratiam</span> <span class='ocrx_word' id='word_1_68' title='bbox 2074 1910 2362 1999; x_wconf 86' lang='lat' dir='ltr'>quioquid</span> <span class='ocrx_word' id='word_1_69' title='bbox 2411 1912 2531 1975; x_wconf 90' lang='lat' dir='ltr'>hoo</span> <span class='ocrx_word' id='word_1_70' title='bbox 2583 1917 2688 1976; x_wconf 87' lang='lat' dir='ltr'>est</span> 
     </span>
     <span class='ocr_line' id='line_1_13' title="bbox 629 2015 2689 2118; baseline 0.001 -26"><span class='ocrx_word' id='word_1_71' title='bbox 629 2030 876 2115; x_wconf 87' lang='lat' dir='ltr'>opellae</span> <span class='ocrx_word' id='word_1_72' title='bbox 940 2031 1166 2115; x_wconf 90' lang='lat' dir='ltr'>sumsi‚</span> <span class='ocrx_word' id='word_1_73' title='bbox 1239 2051 1276 2094; x_wconf 89' lang='lat' dir='ltr'>a</span> <span class='ocrx_word' id='word_1_74' title='bbox 1345 2015 1406 2095; x_wconf 72' lang='lat' dir='ltr'>te</span> <span class='ocrx_word' id='word_1_75' title='bbox 1473 2037 1541 2095; x_wconf 92' lang='lat' dir='ltr'>ut</span> <span class='ocrx_word' id='word_1_76' title='bbox 1606 2031 1883 2095; x_wconf 84' lang='lat' dir='ltr'>tradatur</span> <span class='ocrx_word' id='word_1_77' title='bbox 1946 2031 2176 2097; x_wconf 81' lang='lat' dir='ltr'>obnixe</span> <span class='ocrx_word' id='word_1_78' title='bbox 2231 2052 2378 2118; x_wconf 89' lang='lat' dir='ltr'>oro;</span> <span class='ocrx_word' id='word_1_79' title='bbox 2429 2032 2689 2097; x_wconf 89' lang='lat' dir='ltr'>tertium</span> 
     </span>
     <span class='ocr_line' id='line_1_14' title="bbox 627 2149 2683 2237; baseline 0 -23"><span class='ocrx_word' id='word_1_80' title='bbox 627 2149 884 2236; x_wconf 81' lang='lat' dir='ltr'>Goyero</span> <span class='ocrx_word' id='word_1_81' title='bbox 918 2149 970 2234; x_wconf 73' lang='grc'>2)</span> <span class='ocrx_word' id='word_1_82' title='bbox 1038 2156 1248 2217; x_wconf 85' lang='lat' dir='ltr'>nostro</span> <span class='ocrx_word' id='word_1_83' title='bbox 1300 2150 1633 2237; x_wconf 82' lang='lat' dir='ltr'>destinavi,</span> <span class='ocrx_word' id='word_1_84' title='bbox 1685 2151 2157 2216; x_wconf 83' lang='lat' dir='ltr'>redhostimenti</span> <span class='ocrx_word' id='word_1_85' title='bbox 2209 2152 2347 2216; x_wconf 91' lang='lat' dir='ltr'>loco</span> <span class='ocrx_word' id='word_1_86' title='bbox 2398 2151 2683 2215; x_wconf 84' lang='lat' dir='ltr'>futurum</span> 
     </span>
     <span class='ocr_line' id='line_1_15' title="bbox 624 2269 2679 2357; baseline 0 -25"><span class='ocrx_word' id='word_1_87' title='bbox 624 2291 739 2355; x_wconf 91' lang='lat' dir='ltr'>pro</span> <span class='ocrx_word' id='word_1_88' title='bbox 790 2269 1023 2356; x_wconf 81' lang='lat' dir='ltr'>Guyeti</span> <span class='ocrx_word' id='word_1_89' title='bbox 1057 2272 1107 2355; x_wconf 79' lang='lat'>³)</span> <span class='ocrx_word' id='word_1_90' title='bbox 1157 2270 1314 2335; x_wconf 87' lang='lat' dir='ltr'>notis</span> <span class='ocrx_word' id='word_1_91' title='bbox 1364 2271 1424 2334; x_wconf 90' lang='lat' dir='ltr'>in</span> <span class='ocrx_word' id='word_1_92' title='bbox 1457 2270 1873 2357; x_wconf 81' lang='lat' dir='ltr'>Propertium.</span> <span class='ocrx_word' id='word_1_93' title='bbox 1932 2270 2081 2335; x_wconf 83' lang='lat' dir='ltr'>Tibi</span> <span class='ocrx_word' id='word_1_94' title='bbox 2111 2292 2301 2357; x_wconf 84' lang='lat' dir='ltr'>vere,</span> <span class='ocrx_word' id='word_1_95' title='bbox 2353 2270 2438 2334; x_wconf 88' lang='lat' dir='ltr'>mi</span> <span class='ocrx_word' id='word_1_96' title='bbox 2470 2276 2679 2357; x_wconf 86' lang='lat' dir='ltr'>pater,</span> 
     </span>
     <span class='ocr_line' id='line_1_16' title="bbox 626 2388 2679 2476; baseline 0.002 -27"><span class='ocrx_word' id='word_1_97' title='bbox 626 2388 984 2473; x_wconf 81' lang='lat' dir='ltr'>quisquilias</span> <span class='ocrx_word' id='word_1_98' title='bbox 1068 2409 1240 2453; x_wconf 85' lang='lat' dir='ltr'>meas</span> <span class='ocrx_word' id='word_1_99' title='bbox 1311 2389 1566 2453; x_wconf 88' lang='lat' dir='ltr'>minime</span> <span class='ocrx_word' id='word_1_100' title='bbox 1645 2411 1721 2455; x_wconf 87' lang='lat' dir='ltr'>eo</span> <span class='ocrx_word' id='word_1_101' title='bbox 1798 2390 1938 2454; x_wconf 88' lang='lat' dir='ltr'>misi</span> <span class='ocrx_word' id='word_1_102' title='bbox 2013 2397 2080 2455; x_wconf 90' lang='lat' dir='ltr'>ut</span> <span class='ocrx_word' id='word_1_103' title='bbox 2150 2391 2368 2475; x_wconf 76' lang='lat' dir='ltr'>legaS,</span> <span class='ocrx_word' id='word_1_104' title='bbox 2446 2392 2679 2476; x_wconf 83' lang='lat' dir='ltr'>(neque</span> 
     </span>
     <span class='ocr_line' id='line_1_17' title="bbox 628 2498 2681 2575; baseline 0 -4"><span class='ocrx_word' id='word_1_105' title='bbox 628 2498 791 2571; x_wconf 86' lang='lat' dir='ltr'>enim</span> <span class='ocrx_word' id='word_1_106' title='bbox 851 2507 953 2571; x_wconf 78' lang='lat' dir='ltr'>fas</span> <span class='ocrx_word' id='word_1_107' title='bbox 1023 2514 1118 2573; x_wconf 90' lang='lat' dir='ltr'>est</span> <span class='ocrx_word' id='word_1_108' title='bbox 1165 2509 1515 2573; x_wconf 83' lang='lat' dir='ltr'>carissimas</span> <span class='ocrx_word' id='word_1_109' title='bbox 1565 2509 1751 2573; x_wconf 83' lang='lat' dir='ltr'>horas</span> <span class='ocrx_word' id='word_1_110' title='bbox 1802 2516 1939 2574; x_wconf 85' lang='lat' dir='ltr'>tuas</span> <span class='ocrx_word' id='word_1_111' title='bbox 1988 2518 2115 2575; x_wconf 87' lang='lat' dir='ltr'>tam</span> <span class='ocrx_word' id='word_1_112' title='bbox 2162 2510 2388 2575; x_wconf 83' lang='lat' dir='ltr'>vilibus</span> <span class='ocrx_word' id='word_1_113' title='bbox 2439 2509 2681 2573; x_wconf 89' lang='lat' dir='ltr'>naeniis</span> 
     </span>
     <span class='ocr_line' id='line_1_18' title="bbox 624 2626 2683 2716; baseline 0.001 -26"><span class='ocrx_word' id='word_1_114' title='bbox 624 2626 790 2690; x_wconf 88' lang='lat' dir='ltr'>male</span> <span class='ocrx_word' id='word_1_115' title='bbox 839 2627 1119 2711; x_wconf 83' lang='lat' dir='ltr'>conteri),</span> <span class='ocrx_word' id='word_1_116' title='bbox 1172 2627 1282 2691; x_wconf 91' lang='lat' dir='ltr'>sed</span> <span class='ocrx_word' id='word_1_117' title='bbox 1331 2636 1398 2691; x_wconf 91' lang='lat' dir='ltr'>ut</span> <span class='ocrx_word' id='word_1_118' title='bbox 1435 2628 1648 2694; x_wconf 87' lang='lat' dir='ltr'>videas</span> <span class='ocrx_word' id='word_1_119' title='bbox 1698 2629 2081 2716; x_wconf 83' lang='lat' dir='ltr'>praestitisse</span> <span class='ocrx_word' id='word_1_120' title='bbox 2128 2650 2231 2694; x_wconf 89' lang='lat' dir='ltr'>me</span> <span class='ocrx_word' id='word_1_121' title='bbox 2281 2628 2448 2715; x_wconf 90' lang='lat' dir='ltr'>quod</span> <span class='ocrx_word' id='word_1_122' title='bbox 2494 2628 2683 2692; x_wconf 89' lang='lat' dir='ltr'>nimis</span> 
     </span>
     <span class='ocr_line' id='line_1_19' title="bbox 620 2744 2677 2836; baseline 0.002 -29"><span class='ocrx_word' id='word_1_123' title='bbox 620 2744 958 2810; x_wconf 84' lang='lat' dir='ltr'>liberaliter</span> <span class='ocrx_word' id='word_1_124' title='bbox 1005 2747 1432 2831; x_wconf 87' lang='lat' dir='ltr'>promiseram.</span> <span class='ocrx_word' id='word_1_125' title='bbox 1517 2748 1592 2812; x_wconf 93' lang='lat' dir='ltr'>Id</span> <span class='ocrx_word' id='word_1_126' title='bbox 1640 2749 1691 2813; x_wconf 90' lang='lat' dir='ltr'>si</span> <span class='ocrx_word' id='word_1_127' title='bbox 1718 2749 2085 2836; x_wconf 89' lang='lat' dir='ltr'>perfecero,</span> <span class='ocrx_word' id='word_1_128' title='bbox 2137 2754 2206 2814; x_wconf 93' lang='lat' dir='ltr'>ut</span> <span class='ocrx_word' id='word_1_129' title='bbox 2238 2748 2677 2836; x_wconf 84' lang='lat' dir='ltr'>Sannazarius,</span> 
     </span>
     <span class='ocr_line' id='line_1_20' title="bbox 625 2868 2682 2957; baseline 0.003 -28"><span class='ocrx_word' id='word_1_130' title='bbox 625 2871 923 2952; x_wconf 87' lang='lat' dir='ltr'>quatenus</span> <span class='ocrx_word' id='word_1_131' title='bbox 997 2888 1076 2930; x_wconf 84' lang='lat' dir='ltr'>ex</span> <span class='ocrx_word' id='word_1_132' title='bbox 1158 2869 1570 2933; x_wconf 85' lang='lat' dir='ltr'>recentiorum</span> <span class='ocrx_word' id='word_1_133' title='bbox 1643 2890 1782 2932; x_wconf 89' lang='lat' dir='ltr'>cum</span> <span class='ocrx_word' id='word_1_134' title='bbox 1851 2869 2163 2935; x_wconf 87' lang='lat' dir='ltr'>veteribus</span> <span class='ocrx_word' id='word_1_135' title='bbox 2212 2868 2682 2957; x_wconf 89' lang='lat' dir='ltr'>comparatione</span> 
     </span>
     <span class='ocr_line' id='line_1_21' title="bbox 625 2986 2682 3074; baseline 0.002 -26"><span class='ocrx_word' id='word_1_136' title='bbox 625 2987 878 3071; x_wconf 90' lang='lat' dir='ltr'>pronius</span> <span class='ocrx_word' id='word_1_137' title='bbox 945 2986 1061 3051; x_wconf 90' lang='lat' dir='ltr'>iter</span> <span class='ocrx_word' id='word_1_138' title='bbox 1130 2993 1222 3051; x_wconf 87' lang='lat' dir='ltr'>est</span> <span class='ocrx_word' id='word_1_139' title='bbox 1272 2987 1350 3052; x_wconf 90' lang='lat' dir='ltr'>ad</span> <span class='ocrx_word' id='word_1_140' title='bbox 1400 2987 1853 3074; x_wconf 87' lang='lat' dir='ltr'>imitationem,</span> <span class='ocrx_word' id='word_1_141' title='bbox 1906 2989 2149 3074; x_wconf 88' lang='lat' dir='ltr'>majore</span> <span class='ocrx_word' id='word_1_142' title='bbox 2200 3010 2341 3054; x_wconf 92' lang='lat' dir='ltr'>cum</span> <span class='ocrx_word' id='word_1_143' title='bbox 2389 2988 2587 3053; x_wconf 83' lang='lat' dir='ltr'>fructu</span> <span class='ocrx_word' id='word_1_144' title='bbox 2642 3010 2682 3054; x_wconf 87' lang='lat' dir='ltr'>a</span> 
     </span>
     <span class='ocr_line' id='line_1_22' title="bbox 616 3107 2681 3197; baseline 0.002 -28"><span class='ocrx_word' id='word_1_145' title='bbox 616 3107 943 3190; x_wconf 85' lang='lat' dir='ltr'>juventute</span> <span class='ocrx_word' id='word_1_146' title='bbox 991 3114 1202 3172; x_wconf 88' lang='lat' dir='ltr'>nostra</span> <span class='ocrx_word' id='word_1_147' title='bbox 1250 3129 1322 3172; x_wconf 89' lang='lat' dir='ltr'>ac</span> <span class='ocrx_word' id='word_1_148' title='bbox 1371 3110 1611 3174; x_wconf 88' lang='lat' dir='ltr'>minore</span> <span class='ocrx_word' id='word_1_149' title='bbox 1663 3130 1804 3175; x_wconf 90' lang='lat' dir='ltr'>cum</span> <span class='ocrx_word' id='word_1_150' title='bbox 1854 3109 2073 3174; x_wconf 89' lang='lat' dir='ltr'>labore</span> <span class='ocrx_word' id='word_1_151' title='bbox 2122 3109 2384 3197; x_wconf 77' lang='lat' dir='ltr'>intelligi</span> <span class='ocrx_word' id='word_1_152' title='bbox 2433 3108 2681 3196; x_wconf 84' lang='lat' dir='ltr'>possit,</span> 
     </span>
     <span class='ocr_line' id='line_1_23' title="bbox 624 3226 2679 3311; baseline 0.003 -22"><span class='ocrx_word' id='word_1_153' title='bbox 624 3226 838 3311; x_wconf 87' lang='lat' dir='ltr'>pulcre</span> <span class='ocrx_word' id='word_1_154' title='bbox 926 3226 1077 3291; x_wconf 90' lang='lat' dir='ltr'>mihi</span> <span class='ocrx_word' id='word_1_155' title='bbox 1135 3228 1476 3293; x_wconf 79' lang='lat' dir='ltr'>constabit</span> <span class='ocrx_word' id='word_1_156' title='bbox 1550 3229 1781 3294; x_wconf 87' lang='lat' dir='ltr'>laboris</span> <span class='ocrx_word' id='word_1_157' title='bbox 1870 3230 1993 3295; x_wconf 90' lang='lat' dir='ltr'>mei</span> <span class='ocrx_word' id='word_1_158' title='bbox 2067 3230 2243 3295; x_wconf 80' lang='lat' dir='ltr'>ratio,</span> <span class='ocrx_word' id='word_1_159' title='bbox 2346 3228 2679 3295; x_wconf 75' lang='lat' dir='ltr'>Cramer-us</span> 
     </span>
     <span class='ocr_line' id='line_1_24' title="bbox 624 3347 2680 3435; baseline 0.001 -25"><span class='ocrx_word' id='word_1_160' title='bbox 624 3352 833 3411; x_wconf 86' lang='lat' dir='ltr'>noster</span> <span class='ocrx_word' id='word_1_161' title='bbox 890 3368 965 3411; x_wconf 88' lang='lat' dir='ltr'>an</span> <span class='ocrx_word' id='word_1_162' title='bbox 1030 3349 1196 3435; x_wconf 90' lang='lat' dir='ltr'>apud</span> <span class='ocrx_word' id='word_1_163' title='bbox 1258 3370 1369 3414; x_wconf 85' lang='lat' dir='ltr'>vos</span> <span class='ocrx_word' id='word_1_164' title='bbox 1420 3348 1537 3434; x_wconf 87' lang='lat' dir='ltr'>sit,</span> <span class='ocrx_word' id='word_1_165' title='bbox 1589 3349 1770 3413; x_wconf 89' lang='lat' dir='ltr'>nimis</span> <span class='ocrx_word' id='word_1_166' title='bbox 1822 3349 1981 3415; x_wconf 89' lang='lat' dir='ltr'>scire</span> <span class='ocrx_word' id='word_1_167' title='bbox 2030 3347 2332 3413; x_wconf 88' lang='lat' dir='ltr'>desidero.</span> <span class='ocrx_word' id='word_1_168' title='bbox 2432 3347 2680 3414; x_wconf 88' lang='lat' dir='ltr'>Promi-</span> 
     </span>
     <span class='ocr_line' id='line_1_25' title="bbox 625 3466 2678 3552; baseline 0.002 -23"><span class='ocrx_word' id='word_1_169' title='bbox 625 3472 790 3530; x_wconf 89' lang='lat' dir='ltr'>serat</span> <span class='ocrx_word' id='word_1_170' title='bbox 836 3466 987 3530; x_wconf 90' lang='lat' dir='ltr'>mihi</span> <span class='ocrx_word' id='word_1_171' title='bbox 1035 3466 1179 3531; x_wconf 90' lang='lat' dir='ltr'>hinc</span> <span class='ocrx_word' id='word_1_172' title='bbox 1229 3468 1444 3533; x_wconf 86' lang='lat' dir='ltr'>abiens</span> <span class='ocrx_word' id='word_1_173' title='bbox 1498 3468 1678 3552; x_wconf 88' lang='lat' dir='ltr'>(abiit</span> <span class='ocrx_word' id='word_1_174' title='bbox 1728 3476 1934 3535; x_wconf 89' lang='lat' dir='ltr'>autem</span> <span class='ocrx_word' id='word_1_175' title='bbox 1967 3466 2029 3533; x_wconf 91' lang='lat' dir='ltr'>in</span> <span class='ocrx_word' id='word_1_176' title='bbox 2066 3468 2363 3534; x_wconf 89' lang='lat' dir='ltr'>comitatu</span> <span class='ocrx_word' id='word_1_177' title='bbox 2395 3467 2678 3534; x_wconf 87' lang='lat' dir='ltr'>Serenis-</span> 
     </span>
    </p>
   </div>
   <div class='ocr_carea' id='block_1_4' title="bbox 623 3618 2751 4386">
    <p class='ocr_par' dir='ltr' id='par_1_4' title="bbox 726 3618 1773 3698">
     <span class='ocr_line' id='line_1_26' title="bbox 726 3618 1773 3698; baseline 0.004 -22"><span class='ocrx_word' id='word_1_178' title='bbox 726 3618 766 3693; x_wconf 93' lang='lat'>¹)</span> <span class='ocrx_word' id='word_1_179' title='bbox 855 3620 1000 3678; x_wconf 89' lang='lat' dir='ltr'>Hor.</span> <span class='ocrx_word' id='word_1_180' title='bbox 1050 3620 1244 3679; x_wconf 84' lang='lat' dir='ltr'>Carm.</span> <span class='ocrx_word' id='word_1_181' title='bbox 1291 3620 1412 3698; x_wconf 91' lang='lat' dir='ltr'>IV,</span> <span class='ocrx_word' id='word_1_182' title='bbox 1463 3624 1533 3696; x_wconf 81' lang='lat'>7,</span> <span class='ocrx_word' id='word_1_183' title='bbox 1584 3642 1667 3682; x_wconf 83' lang='lat' dir='ltr'>vs.</span> <span class='ocrx_word' id='word_1_184' title='bbox 1718 3626 1773 3681; x_wconf 89' lang='lat'>9.</span> 
     </span>
    </p>

    <p class='ocr_par' dir='ltr' id='par_1_5' title="bbox 624 3701 2675 4043">
     <span class='ocr_line' id='line_1_27' title="bbox 714 3701 2675 3786; baseline 0.002 -25"><span class='ocrx_word' id='word_1_185' title='bbox 714 3701 765 3778; x_wconf 82' lang='grc'>2)</span> <span class='ocrx_word' id='word_1_186' title='bbox 852 3704 944 3763; x_wconf 88' lang='lat' dir='ltr'>De</span> <span class='ocrx_word' id='word_1_187' title='bbox 1003 3706 1242 3783; x_wconf 82' lang='lat' dir='ltr'>Goyero</span> <span class='ocrx_word' id='word_1_188' title='bbox 1301 3706 1455 3765; x_wconf 87' lang='lat' dir='ltr'>nihil</span> <span class='ocrx_word' id='word_1_189' title='bbox 1501 3708 1776 3767; x_wconf 89' lang='lat' dir='ltr'>invenire</span> <span class='ocrx_word' id='word_1_190' title='bbox 1818 3708 2007 3786; x_wconf 89' lang='lat' dir='ltr'>potui.</span> <span class='ocrx_word' id='word_1_191' title='bbox 2097 3707 2390 3767; x_wconf 81' lang='lat' dir='ltr'>Francius</span> <span class='ocrx_word' id='word_1_192' title='bbox 2434 3707 2498 3766; x_wconf 90' lang='lat' dir='ltr'>in</span> <span class='ocrx_word' id='word_1_193' title='bbox 2544 3707 2675 3766; x_wconf 89' lang='lat' dir='ltr'>eius</span> 
     </span>
     <span class='ocr_line' id='line_1_28' title="bbox 624 3790 2669 3871; baseline 0.002 -24"><span class='ocrx_word' id='word_1_194' title='bbox 624 3790 834 3848; x_wconf 81' lang='lat' dir='ltr'>funere</span> <span class='ocrx_word' id='word_1_195' title='bbox 879 3809 1118 3849; x_wconf 88' lang='lat' dir='ltr'>carmen</span> <span class='ocrx_word' id='word_1_196' title='bbox 1165 3792 1468 3867; x_wconf 83' lang='lat' dir='ltr'>condidit,</span> <span class='ocrx_word' id='word_1_197' title='bbox 1514 3794 1609 3852; x_wconf 91' lang='lat' dir='ltr'>cui</span> <span class='ocrx_word' id='word_1_198' title='bbox 1656 3795 1897 3854; x_wconf 90' lang='lat' dir='ltr'>titulus:</span> <span class='ocrx_word' id='word_1_199' title='bbox 1936 3794 2163 3854; x_wconf 80' lang='lat' dir='ltr'>Jacobo</span> <span class='ocrx_word' id='word_1_200' title='bbox 2200 3795 2476 3871; x_wconf 80' lang='lat' dir='ltr'>Goyero,</span> <span class='ocrx_word' id='word_1_201' title='bbox 2503 3793 2669 3852; x_wconf 85' lang='lat' dir='ltr'>Hor-</span> 
     </span>
     <span class='ocr_line' id='line_1_29' title="bbox 626 3876 2675 3956; baseline 0.001 -23"><span class='ocrx_word' id='word_1_202' title='bbox 626 3882 826 3934; x_wconf 80' lang='lat' dir='ltr'>torum</span> <span class='ocrx_word' id='word_1_203' title='bbox 871 3882 924 3933; x_wconf 83' lang='lat' dir='ltr'>et</span> <span class='ocrx_word' id='word_1_204' title='bbox 971 3876 1230 3936; x_wconf 81' lang='lat' dir='ltr'>Florum</span> <span class='ocrx_word' id='word_1_205' title='bbox 1277 3883 1544 3938; x_wconf 82' lang='lat' dir='ltr'>amatori</span> <span class='ocrx_word' id='word_1_206' title='bbox 1573 3882 1872 3956; x_wconf 75' lang='lat' dir='ltr'>maximO,</span> <span class='ocrx_word' id='word_1_207' title='bbox 1907 3880 2251 3941; x_wconf 80' lang='lat' dir='ltr'>Immatura</span> <span class='ocrx_word' id='word_1_208' title='bbox 2274 3881 2458 3938; x_wconf 79' lang='lat' dir='ltr'>nimis</span> <span class='ocrx_word' id='word_1_209' title='bbox 2482 3884 2675 3937; x_wconf 81' lang='lat' dir='ltr'>morte</span> 
     </span>
     <span class='ocr_line' id='line_1_30' title="bbox 627 3962 2672 4043; baseline 0.001 -26"><span class='ocrx_word' id='word_1_210' title='bbox 627 3980 654 4017; x_wconf 80' lang='lat' dir='ltr'>e</span> <span class='ocrx_word' id='word_1_211' title='bbox 701 3962 829 4018; x_wconf 78' lang='lat' dir='ltr'>vita</span> <span class='ocrx_word' id='word_1_212' title='bbox 875 3969 1163 4038; x_wconf 79' lang='lat' dir='ltr'>surrepto</span> <span class='ocrx_word' id='word_1_213' title='bbox 1210 3964 1308 4038; x_wconf 88' lang='lat' dir='ltr'>(cf.</span> <span class='ocrx_word' id='word_1_214' title='bbox 1359 3965 1619 4023; x_wconf 80' lang='lat' dir='ltr'>Francii</span> <span class='ocrx_word' id='word_1_215' title='bbox 1666 3968 1998 4039; x_wconf 84' lang='lat' dir='ltr'>Poemata,</span> <span class='ocrx_word' id='word_1_216' title='bbox 2066 3968 2261 4039; x_wconf 82' lang='lat'>1697,</span> <span class='ocrx_word' id='word_1_217' title='bbox 2314 3984 2452 4043; x_wconf 85' lang='lat' dir='ltr'>pag.</span> <span class='ocrx_word' id='word_1_218' title='bbox 2504 3965 2672 4038; x_wconf 80' lang='lat'>238).</span> 
     </span>
    </p>

    <p class='ocr_par' dir='ltr' id='par_1_6' title="bbox 623 4042 2751 4386">
     <span class='ocr_line' id='line_1_31' title="bbox 716 4042 2675 4128; baseline 0.003 -26"><span class='ocrx_word' id='word_1_219' title='bbox 716 4042 763 4118; x_wconf 74' lang='grc'>3)</span> <span class='ocrx_word' id='word_1_220' title='bbox 852 4047 1207 4106; x_wconf 82' lang='lat' dir='ltr'>Franciscus</span> <span class='ocrx_word' id='word_1_221' title='bbox 1259 4050 1533 4126; x_wconf 81' lang='lat' dir='ltr'>Guyetus</span> <span class='ocrx_word' id='word_1_222' title='bbox 1580 4052 2092 4128; x_wconf 76' lang='lat'>(1575—1655),</span> <span class='ocrx_word' id='word_1_223' title='bbox 2142 4052 2384 4125; x_wconf 80' lang='lat' dir='ltr'>Gallus,</span> <span class='ocrx_word' id='word_1_224' title='bbox 2434 4049 2675 4108; x_wconf 87' lang='lat' dir='ltr'>criticus</span> 
     </span>
     <span class='ocr_line' id='line_1_32' title="bbox 625 4131 2751 4212; baseline 0.003 -25"><span class='ocrx_word' id='word_1_225' title='bbox 625 4131 1075 4208; x_wconf 81' lang='lat' dir='ltr'>subtilissimus,</span> <span class='ocrx_word' id='word_1_226' title='bbox 1124 4136 1501 4212; x_wconf 87' lang='lat' dir='ltr'>exemplaria</span> <span class='ocrx_word' id='word_1_227' title='bbox 1558 4143 1869 4196; x_wconf 88' lang='lat' dir='ltr'>auctorum</span> <span class='ocrx_word' id='word_1_228' title='bbox 1916 4138 2283 4195; x_wconf 85' lang='lat' dir='ltr'>Graecorum</span> <span class='ocrx_word' id='word_1_229' title='bbox 2328 4143 2511 4212; x_wconf 87' lang='lat' dir='ltr'>atque</span> <span class='ocrx_word' id='word_1_230' title='bbox 2557 4134 2675 4193; x_wconf 86' lang='lat' dir='ltr'>La·</span> <span class='ocrx_word' id='word_1_231' title='bbox 2744 4180 2751 4185; x_wconf 89' lang='lat'>.</span> 
     </span>
     <span class='ocr_line' id='line_1_33' title="bbox 623 4216 2675 4300; baseline 0.002 -25"><span class='ocrx_word' id='word_1_232' title='bbox 623 4216 886 4275; x_wconf 87' lang='lat' dir='ltr'>tinorum</span> <span class='ocrx_word' id='word_1_233' title='bbox 943 4220 1102 4278; x_wconf 91' lang='lat' dir='ltr'>notis</span> <span class='ocrx_word' id='word_1_234' title='bbox 1158 4240 1340 4278; x_wconf 91' lang='lat' dir='ltr'>manu</span> <span class='ocrx_word' id='word_1_235' title='bbox 1391 4223 1629 4300; x_wconf 85' lang='lat' dir='ltr'>scriptis</span> <span class='ocrx_word' id='word_1_236' title='bbox 1688 4223 2039 4299; x_wconf 85' lang='lat' dir='ltr'>adornavit,</span> <span class='ocrx_word' id='word_1_237' title='bbox 2086 4241 2243 4300; x_wconf 87' lang='lat' dir='ltr'>quae</span> <span class='ocrx_word' id='word_1_238' title='bbox 2286 4222 2393 4281; x_wconf 91' lang='lat' dir='ltr'>illo</span> <span class='ocrx_word' id='word_1_239' title='bbox 2438 4227 2675 4280; x_wconf 89' lang='lat' dir='ltr'>mortuo</span> 
     </span>
     <span class='ocr_line' id='line_1_34' title="bbox 626 4302 2273 4386; baseline 0.004 -28"><span class='ocrx_word' id='word_1_240' title='bbox 626 4322 663 4359; x_wconf 86' lang='lat' dir='ltr'>a</span> <span class='ocrx_word' id='word_1_241' title='bbox 708 4302 848 4361; x_wconf 85' lang='lat' dir='ltr'>viris</span> <span class='ocrx_word' id='word_1_242' title='bbox 893 4304 1250 4380; x_wconf 88' lang='lat' dir='ltr'>quibusdam</span> <span class='ocrx_word' id='word_1_243' title='bbox 1296 4307 1486 4367; x_wconf 90' lang='lat' dir='ltr'>doctis</span> <span class='ocrx_word' id='word_1_244' title='bbox 1528 4309 1698 4386; x_wconf 91' lang='lat' dir='ltr'>prelo</span> <span class='ocrx_word' id='word_1_245' title='bbox 1745 4314 1884 4369; x_wconf 88' lang='lat' dir='ltr'>sunt</span> <span class='ocrx_word' id='word_1_246' title='bbox 1932 4309 2273 4368; x_wconf 76' lang='lat' dir='ltr'>mandatae.</span> 
     </span>
    </p>
   </div>
   <div class='ocr_carea' id='block_1_5' title="bbox 627 4386 2673 4536">
    <p class='ocr_par' dir='ltr' id='par_1_7' title="bbox 627 4386 2673 4536">
     <span class='ocr_line' id='line_1_35' title="bbox 710 4386 2673 4532; baseline 0.004 -87"><span class='ocrx_word' id='word_1_247' title='bbox 710 4386 855 4531; x_wconf 74' lang='lat' dir='ltr'>Eilus</span> <span class='ocrx_word' id='word_1_248' title='bbox 883 4396 1088 4532; x_wconf 79' lang='lat' dir='ltr'>dnotas</span> <span class='ocrx_word' id='word_1_249' title='bbox 1144 4392 1206 4448; x_wconf 93' lang='lat' dir='ltr'>in</span> <span class='ocrx_word' id='word_1_250' title='bbox 1262 4391 1639 4470; x_wconf 85' lang='lat' dir='ltr'>Propertium</span> <span class='ocrx_word' id='word_1_251' title='bbox 1682 4396 1743 4454; x_wconf 82' lang='lat' dir='ltr'>R</span> <span class='ocrx_word' id='word_1_252' title='bbox 1798 4413 2254 4473; x_wconf 86' lang='lat' dir='ltr'>nonnumquam</span> <span class='ocrx_word' id='word_1_253' title='bbox 2298 4394 2361 4453; x_wconf 91' lang='lat' dir='ltr'>in</span> <span class='ocrx_word' id='word_1_254' title='bbox 2408 4391 2673 4453; x_wconf 90' lang='lat' dir='ltr'>editione</span> 
     </span>
     <span class='ocr_line' id='line_1_36' title="bbox 627 4477 1064 4536; baseline 0.002 -4"><span class='ocrx_word' id='word_1_255' title='bbox 627 4493 736 4533; x_wconf 87' lang='lat' dir='ltr'>sua</span> <span class='ocrx_word' id='word_1_256' title='bbox 803 4493 878 4532; x_wconf 90' lang='lat' dir='ltr'>au</span> <span class='ocrx_word' id='word_1_257' title='bbox 925 4477 1064 4536; x_wconf 88' lang='lat' dir='ltr'>avit.</span> 
     </span>
    </p>
   </div>
   <div class='ocr_carea' id='block_1_6' title="bbox 630 3580 808 3589">
    <p class='ocr_par' dir='ltr' id='par_1_8' title="bbox 630 3580 808 3589">
     <span class='ocr_line' id='line_1_37' title="bbox 630 3580 808 3589; baseline 0 1620"><span class='ocrx_word' id='word_1_258' title='bbox 630 3580 808 3589; x_wconf 95' lang='lat' dir='ltr'> </span> 
     </span>
    </p>
   </div>
   <div class='ocr_carea' id='block_1_7' title="bbox 809 3582 1037 3590">
    <p class='ocr_par' dir='ltr' id='par_1_9' title="bbox 809 3582 1037 3590">
     <span class='ocr_line' id='line_1_38' title="bbox 809 3582 1037 3590; baseline 0 0"><span class='ocrx_word' id='word_1_259' title='bbox 809 3582 1037 3590; x_wconf 95' lang='lat' dir='ltr'> </span> 
     </span>
    </p>
   </div>
   <div class='ocr_carea' id='block_1_8' title="bbox 2896 2564 2914 3151">
    <p class='ocr_par' dir='ltr' id='par_1_10' title="bbox 2896 2564 2914 3151">
     <span class='ocr_line' id='line_1_39' title="bbox 2896 2564 2914 3151; baseline 0 0"><span class='ocrx_word' id='word_1_260' title='bbox 2896 2564 2914 3151; x_wconf 95' lang='lat' dir='ltr'> </span> 
     </span>
    </p>
   </div>
  </div>
 </body>
</html>
