2975 5209
1492 454 1579 516 76

514 649 666 713 istas
717 649 1018 713 hiemales
1071 669 1180 712 cur
1230 669 1348 712 non
1401 647 1595 713 donas
1647 649 1929 713 amiculis
1980 648 2143 712 tuis?
2236 648 2565 736 Vivimus,

511 770 595 833 mi
667 770 890 855 frater,
966 769 1116 834 dum
1185 770 1486 853 vivimus,
1539 768 1600 831 id
1658 776 1788 853 est,
1840 768 2119 831 fruamur
2168 769 2322 833 alter
2370 769 2567 832 altero

513 888 660 954 dum
710 890 874 954 licet.
956 889 1221 954 Instabit
1271 889 1444 953 brevi
1496 889 1801 953 recidivus
1851 889 2003 954 belli
2050 888 2254 974 furor,
2292 897 2562 953 nectam

515 1009 715 1074 beatis
789 1009 967 1074 nobis
1035 1030 1172 1073 esse
1245 1010 1496 1094 licebit,
1573 1009 1679 1072 ubi
1730 1010 1951 1073 iterum
1998 1008 2265 1073 Bellona
2312 1016 2563 1073 cruento

513 1130 631 1194 isto
710 1129 1046 1193 insonuerit
1097 1128 1386 1213 :flagella
1489 1128 1646 1193 Juro
1720 1130 1867 1213 tibi,
1939 1131 2075 1214 jam
2146 1129 2379 1215 aliquot
2426 1138 2566 1193 sunt

515 1270 759 1313 menses
830 1248 978 1312 dum
1048 1256 1106 1312 te
1157 1248 1258 1312 hic
1307 1255 1613 1334 expecto,
1670 1270 1781 1312 nec
1830 1270 1979 1313 vero
2032 1270 2149 1334 ego
2200 1250 2396 1333 solus,
2450 1248 2563 1313 sed

517 1374 577 1433 et
642 1388 856 1433 omnes
920 1368 1001 1454 ii,
1056 1368 1158 1454 qui
1216 1375 1277 1433 te
1324 1368 1701 1433 incolumem
1753 1390 1830 1433 ex
1882 1369 1991 1433 illa
2040 1390 2275 1455 nupera
2322 1369 2564 1433 laniena

517 1488 788 1553 evasisse
836 1508 1080 1552 mecum
1129 1488 1402 1573 gaudent
1445 1489 1507 1572 ¹).
1608 1486 1806 1573 Veni,
1860 1488 2090 1573 Bergi,
2148 1489 2328 1574 veni‚·
2363 1509 2563 1575 neque

521 1607 685 1673 enim
734 1607 1013 1672 desinam
1059 1608 1375 1693 flagitare,
1447 1614 1778 1693 antequam
1825 1628 2121 1694 praesens
2171 1614 2561 1695 praesentem

515 1728 906 1814 amplexatus
956 1726 1161 1812 fuero,
1215 1734 1541 1811 antequam
1580 1727 1850 1791 animum
1888 1736 1949 1793 et
1981 1735 2252 1793 mentem
2289 1749 2520 1814 pavero
2542 1778 2559 1811 ‚

516 1869 630 1911 ceu
678 1848 885 1933 prius,
959 1847 1314 1911 dulcissima
1363 1857 1470 1911 tua
1518 1849 1910 1935 praesentia,
1980 1855 2039 1913 et
2087 1850 2278 1935 longa
2324 1849 2562 1934 pericu-

439 1997 449 2006 ’-
514 1967 716 2032 lorum
767 1968 1354 2032 commemoratione
1405 1990 1438 2031 e
1489 1968 1711 2054 quibus
1746 1976 1807 2033 te
1840 1945 2562 2033 clementissimus-Deus

517 2088 756 2173 eripuit.
853 2086 1051 2172 Vale,
1105 2088 1189 2151 mi
1238 2087 1459 2173 frater,
1516 2096 1575 2153 et
1609 2110 1710 2152 me
1750 2110 1959 2152 amaro
1995 2110 2205 2175 perge.
2284 2088 2563 2152 Salutem

519 2228 720 2273 axme
786 2206 1070 2273 Graeviis
1120 2206 1375 2291 nostris,
1453 2228 1527 2271 ac
1576 2207 2028 2293 Harscampio,
2107 2207 2424 2293 SolingiO,
2502 2214 2565 2271 et

517 2327 849 2411 (Ji-amero,
903 2326 955 2390 si
1005 2327 1245 2392 videtis.
1341 2325 1575 2390 Iterum
1627 2327 1783 2390 vale.

609 2443 1087 2511 Amstelodami.
1147 2448 1341 2510 1690.
1393 2445 1509 2508 sub
1560 2446 1761 2529 ipsam

609 2566 829 2630 horam
879 2566 1062 2651 (quae
1113 2576 1206 2630 est
1255 2566 1520 2651 septima
1569 2566 1946 2650 vespertina)

517 2699 522 2705 '
607 2686 829 2750 natalis
877 2685 1001 2749 mei
1050 2685 1233 2771 primi
1280 2692 1422 2771 post
1474 2684 2057 2771 quadragesimum,

614 2806 701 2869 20
751 2802 1062 2868 Novemb.
1121 2824 1306 2889 quem
1359 2803 1509 2868 mihi
1559 2804 1805 2869 felicem
1856 2804 2012 2869 faxit

607 2924 783 2989 Deus
835 2922 910 2989 Ο.
963 2922 1046 2987 Μ.

1336 3070 1590 3087 ΜΨΝΛΜ
1593 3070 1746 3087 WWVN-

1390 3198 1575 3265 LXV
1607 3201 1675 3283 2).

1349 3368 1556 3450 Borqio
1601 3385 1706 3431 suo

1337 3479 1739 3544 BroukhusiuS.

605 3645 923 3710 Sollicitus
973 3667 1109 3710 sum
1161 3667 1348 3731 super
1397 3646 1755 3711 valetudine
1804 3655 1946 3733 tua,
2019 3650 2103 3711 mi
2152 3648 2371 3732 frater,
2434 3653 2560 3712 ete-

514 3766 640 3829 nim
719 3766 771 3829 si
835 3765 1199 3830 meliuscule
1267 3765 1571 3851 haberes,
1650 3766 1978 3851 oportebat
2025 3775 2086 3831 te
2128 3767 2263 3851 jam
2312 3787 2559 3830 mecum

511 3886 612 3950 hic
663 3908 836 3971 osse,
895 3895 956 3950 et
1002 3886 1158 3950 inter
1208 3886 1511 3949 amiculos
1564 3885 1845 3949 oblivisci
1898 3886 2267 3970 aestivarum
2320 3906 2559 3949 aetum-

513 4028 726 4069 narum
803 4007 968 4091 apud
1044 4006 1421 4070 luculentum
1502 4006 1725 4089 ignem.
1827 4004 2024 4089 Spero
2090 4013 2293 4069 tamon
2356 4006 2561 4068 omnia

511 4128 790 4191 meliora.
883 4126 1348 4209 Marseveliius,
1405 4146 1526 4187 non
1576 4125 1777 4187 minus
1832 4146 1903 4187 ac
1956 4147 2111 4209 “{302
2166 4124 2346 4188 valde
2400 4124 2560 4186 dosi-

612 4298 651 4371 ¹)
739 4296 998 4355 Videtur
1063 4295 1322 4374 Bergius
1387 4295 1735 4355 interfuisse
1778 4314 2021 4375 pugnae
2068 4300 2355 4355 cruentae
2400 4292 2557 4373 apud

471 4384 737 4461 ,Fleury
786 4383 946 4458 (Kal.
991 4382 1182 4441 Iuniis
1233 4385 1437 4456 1690).

601 4472 647 4547 2)
743 4470 817 4529 In
864 4468 1243 4529 Bibliotheca
1285 4468 1693 4548 Lugdunensi.
