<?xml version="1.0" encoding="UTF-8"?>
<!DOCTYPE html PUBLIC "-//W3C//DTD XHTML 1.0 Transitional//EN"
    "http://www.w3.org/TR/xhtml1/DTD/xhtml1-transitional.dtd">
<html xmlns="http://www.w3.org/1999/xhtml" xml:lang="en" lang="en">
 <head>
  <title>
</title>
<meta http-equiv="Content-Type" content="text/html;charset=utf-8" />
  <meta name='ocr-system' content='tesseract 3.04.00' />
  <meta name='ocr-capabilities' content='ocr_page ocr_carea ocr_par ocr_line ocrx_word'/>
</head>
<body>
  <div class='ocr_page' id='page_1' title='image "./epistolaeselect00worpgoog_0081.png"; bbox 0 0 2975 5209; ppageno 0'>
   <div class='ocr_carea' id='block_1_1' title="bbox 1325 506 1406 572">
    <p class='ocr_par' dir='ltr' id='par_1_1' title="bbox 1325 506 1406 572">
     <span class='ocr_line' id='line_1_1' title="bbox 1325 506 1406 572; baseline -0.012 0"><span class='ocrx_word' id='word_1_1' title='bbox 1325 506 1406 572; x_wconf 80' lang='lat'>67</span> 
     </span>
    </p>
   </div>
   <div class='ocr_carea' id='block_1_2' title="bbox 333 702 2505 3867">
    <p class='ocr_par' dir='ltr' id='par_1_2' title="bbox 333 702 2505 3867">
     <span class='ocr_line' id='line_1_2' title="bbox 337 702 2387 789; baseline -0.001 -19"><span class='ocrx_word' id='word_1_2' title='bbox 337 706 552 771; x_wconf 90' lang='lat' dir='ltr'>oribus</span> <span class='ocrx_word' id='word_1_3' title='bbox 599 706 1044 789; x_wconf 75' lang='lat' dir='ltr'>intellexerim,</span> <span class='ocrx_word' id='word_1_4' title='bbox 1100 705 1212 768; x_wconf 83' lang='lat' dir='ltr'>erit</span> <span class='ocrx_word' id='word_1_5' title='bbox 1262 702 1426 789; x_wconf 89' lang='lat' dir='ltr'>quod</span> <span class='ocrx_word' id='word_1_6' title='bbox 1475 703 1749 787; x_wconf 79' lang='lat' dir='ltr'>gratuler</span> <span class='ocrx_word' id='word_1_7' title='bbox 1798 702 2138 767; x_wconf 79' lang='lat' dir='ltr'><strong>industriae</strong></span> <span class='ocrx_word' id='word_1_8' title='bbox 2188 724 2387 767; x_wconf 90' lang='lat' dir='ltr'>meae.</span> 
     </span>
     <span class='ocr_line' id='line_1_3' title="bbox 334 823 2487 910; baseline -0 -22"><span class='ocrx_word' id='word_1_9' title='bbox 334 825 600 889; x_wconf 81' lang='lat' dir='ltr'>Multum</span> <span class='ocrx_word' id='word_1_10' title='bbox 649 826 753 889; x_wconf 87' lang='lat' dir='ltr'>risi</span> <span class='ocrx_word' id='word_1_11' title='bbox 805 846 945 890; x_wconf 90' lang='lat' dir='ltr'>cum</span> <span class='ocrx_word' id='word_1_12' title='bbox 996 824 1322 910; x_wconf 86' lang='lat' dir='ltr'>epistolam</span> <span class='ocrx_word' id='word_1_13' title='bbox 1374 830 1547 888; x_wconf 86' lang='lat' dir='ltr'>tuam</span> <span class='ocrx_word' id='word_1_14' title='bbox 1595 823 1911 908; x_wconf 89' lang='lat' dir='ltr'>legerem,</span> <span class='ocrx_word' id='word_1_15' title='bbox 1982 824 2042 886; x_wconf 90' lang='lat' dir='ltr'>in</span> <span class='ocrx_word' id='word_1_16' title='bbox 2092 844 2217 909; x_wconf 87' lang='lat' dir='ltr'>qua</span> <span class='ocrx_word' id='word_1_17' title='bbox 2266 831 2396 888; x_wconf 88' lang='lat' dir='ltr'>tam</span> <span class='ocrx_word' id='word_1_18' title='bbox 2474 858 2487 871; x_wconf 56' lang='grc' dir='ltr'><em>ι</em></span> 
     </span>
     <span class='ocr_line' id='line_1_4' title="bbox 336 920 2394 1031; baseline -0.001 -23"><span class='ocrx_word' id='word_1_19' title='bbox 336 920 514 1010; x_wconf 52' lang='grc' dir='ltr'>εοίῒέ</span> <span class='ocrx_word' id='word_1_20' title='bbox 557 947 819 1009; x_wconf 88' lang='lat' dir='ltr'>carceris</span> <span class='ocrx_word' id='word_1_21' title='bbox 887 946 1075 1009; x_wconf 86' lang='lat' dir='ltr'>vestri</span> <span class='ocrx_word' id='word_1_22' title='bbox 1137 945 1478 1031; x_wconf 79' lang='lat' dir='ltr'>paedorem</span> <span class='ocrx_word' id='word_1_23' title='bbox 1530 966 1601 1007; x_wconf 87' lang='lat' dir='ltr'>ae</span> <span class='ocrx_word' id='word_1_24' title='bbox 1654 942 2019 1006; x_wconf 89' lang='lat' dir='ltr'>barbariem</span> <span class='ocrx_word' id='word_1_25' title='bbox 2070 942 2394 1029; x_wconf 82' lang='lat' dir='ltr'>depingis,</span> 
     </span>
     <span class='ocr_line' id='line_1_5' title="bbox 338 1064 2390 1150; baseline 0 -23"><span class='ocrx_word' id='word_1_26' title='bbox 338 1087 414 1127; x_wconf 89' lang='lat' dir='ltr'>an</span> <span class='ocrx_word' id='word_1_27' title='bbox 491 1066 827 1150; x_wconf 78' lang='lat' dir='ltr'>deploras?</span> <span class='ocrx_word' id='word_1_28' title='bbox 899 1064 1040 1150; x_wconf 87' lang='lat' dir='ltr'>Ego</span> <span class='ocrx_word' id='word_1_29' title='bbox 1117 1074 1281 1128; x_wconf 85' lang='lat' dir='ltr'>certe</span> <span class='ocrx_word' id='word_1_30' title='bbox 1355 1064 1460 1126; x_wconf 81' lang='lat' dir='ltr'>vix</span> <span class='ocrx_word' id='word_1_31' title='bbox 1537 1070 1748 1127; x_wconf 90' lang='lat' dir='ltr'>tenere</span> <span class='ocrx_word' id='word_1_32' title='bbox 1824 1064 1998 1149; x_wconf 90' lang='lat' dir='ltr'>potui</span> <span class='ocrx_word' id='word_1_33' title='bbox 2066 1064 2390 1149; x_wconf 75' lang='lat' dir='ltr'>lacrimae,</span> 
     </span>
     <span class='ocr_line' id='line_1_6' title="bbox 338 1182 2403 1269; baseline 0 -22"><span class='ocrx_word' id='word_1_34' title='bbox 338 1185 576 1269; x_wconf 83' lang='lat' dir='ltr'>quoties</span> <span class='ocrx_word' id='word_1_35' title='bbox 649 1186 986 1269; x_wconf 85' lang='lat' dir='ltr'>cogitarem</span> <span class='ocrx_word' id='word_1_36' title='bbox 1061 1206 1246 1269; x_wconf 82' lang='lat' dir='ltr'>quam</span> <span class='ocrx_word' id='word_1_37' title='bbox 1323 1185 1552 1247; x_wconf 87' lang='lat' dir='ltr'>misera</span> <span class='ocrx_word' id='word_1_38' title='bbox 1623 1204 1945 1269; x_wconf 89' lang='lat' dir='ltr'>quamque</span> <span class='ocrx_word' id='word_1_39' title='bbox 2012 1182 2261 1268; x_wconf 88' lang='lat' dir='ltr'>abjecta</span> <span class='ocrx_word' id='word_1_40' title='bbox 2323 1184 2403 1247; x_wconf 87' lang='lat' dir='ltr'>sit</span> 
     </span>
     <span class='ocr_line' id='line_1_7' title="bbox 335 1302 2401 1368; baseline 0.001 -3"><span class='ocrx_word' id='word_1_41' title='bbox 335 1303 606 1366; x_wconf 87' lang='lat' dir='ltr'>muneris</span> <span class='ocrx_word' id='word_1_42' title='bbox 677 1304 866 1366; x_wconf 83' lang='lat' dir='ltr'>nostri</span> <span class='ocrx_word' id='word_1_43' title='bbox 939 1303 1228 1367; x_wconf 88' lang='lat' dir='ltr'>conditio.</span> <span class='ocrx_word' id='word_1_44' title='bbox 1330 1302 1458 1366; x_wconf 86' lang='lat' dir='ltr'>Sed</span> <span class='ocrx_word' id='word_1_45' title='bbox 1542 1312 1747 1367; x_wconf 88' lang='lat' dir='ltr'>tamen</span> <span class='ocrx_word' id='word_1_46' title='bbox 1825 1303 1947 1367; x_wconf 91' lang='lat' dir='ltr'>hoc</span> <span class='ocrx_word' id='word_1_47' title='bbox 2012 1302 2193 1367; x_wconf 88' lang='lat' dir='ltr'>nobis</span> <span class='ocrx_word' id='word_1_48' title='bbox 2260 1324 2401 1368; x_wconf 85' lang='lat' dir='ltr'>eum</span> 
     </span>
     <span class='ocr_line' id='line_1_8' title="bbox 334 1420 2398 1528; baseline 0.001 -43"><span class='ocrx_word' id='word_1_49' title='bbox 334 1420 591 1509; x_wconf 90' lang='lat' dir='ltr'>Orpheo</span> <span class='ocrx_word' id='word_1_50' title='bbox 642 1442 966 1487; x_wconf 87' lang='lat' dir='ltr'>commune</span> <span class='ocrx_word' id='word_1_51' title='bbox 1017 1434 1108 1487; x_wconf 84' lang='lat' dir='ltr'>est</span> <span class='ocrx_word' id='word_1_52' title='bbox 1159 1422 1322 1509; x_wconf 91' lang='lat' dir='ltr'>quod</span> <span class='ocrx_word' id='word_1_53' title='bbox 1375 1443 1671 1507; x_wconf 83' lang='lat' dir='ltr'>cogamur</span> <span class='ocrx_word' id='word_1_54' title='bbox 1724 1444 1867 1486; x_wconf 89' lang='lat' dir='ltr'>cum</span> <span class='ocrx_word' id='word_1_55' title='bbox 1901 1423 2120 1487; x_wconf 88' lang='lat' dir='ltr'>bestiis</span> <span class='ocrx_word' id='word_1_56' title='bbox 2154 1423 2398 1528; x_wconf 59' lang='lat' dir='ltr'>vivere,</span> 
     </span>
     <span class='ocr_line' id='line_1_9' title="bbox 333 1541 2399 1629; baseline 0.002 -24"><span class='ocrx_word' id='word_1_57' title='bbox 333 1550 395 1605; x_wconf 85' lang='lat' dir='ltr'>et</span> <span class='ocrx_word' id='word_1_58' title='bbox 443 1542 767 1629; x_wconf 90' lang='lat' dir='ltr'>imperium</span> <span class='ocrx_word' id='word_1_59' title='bbox 819 1543 1160 1607; x_wconf 81' lang='lat' dir='ltr'>habeamus</span> <span class='ocrx_word' id='word_1_60' title='bbox 1194 1544 1254 1607; x_wconf 89' lang='lat' dir='ltr'>in</span> <span class='ocrx_word' id='word_1_61' title='bbox 1291 1543 1551 1607; x_wconf 75' lang='lat' dir='ltr'>belluas,</span> <span class='ocrx_word' id='word_1_62' title='bbox 1633 1541 1890 1606; x_wconf 88' lang='lat' dir='ltr'>Amabo</span> <span class='ocrx_word' id='word_1_63' title='bbox 1929 1548 2030 1627; x_wconf 89' lang='lat' dir='ltr'>te,</span> <span class='ocrx_word' id='word_1_64' title='bbox 2067 1542 2154 1606; x_wconf 90' lang='lat' dir='ltr'>mi</span> <span class='ocrx_word' id='word_1_65' title='bbox 2184 1542 2399 1628; x_wconf 86' lang='lat' dir='ltr'>frater,</span> 
     </span>
     <span class='ocr_line' id='line_1_10' title="bbox 347 1661 2397 1749; baseline 0.001 -25"><span class='ocrx_word' id='word_1_66' title='bbox 347 1661 494 1725; x_wconf 89' lang='lat' dir='ltr'>dum</span> <span class='ocrx_word' id='word_1_67' title='bbox 543 1662 694 1725; x_wconf 90' lang='lat' dir='ltr'>nihil</span> <span class='ocrx_word' id='word_1_68' title='bbox 742 1663 908 1727; x_wconf 90' lang='lat' dir='ltr'>aliud</span> <span class='ocrx_word' id='word_1_69' title='bbox 957 1684 1323 1749; x_wconf 77' lang='lat' dir='ltr'>possumne,</span> <span class='ocrx_word' id='word_1_70' title='bbox 1389 1663 1613 1727; x_wconf 89' lang='lat' dir='ltr'>saltem</span> <span class='ocrx_word' id='word_1_71' title='bbox 1664 1662 2007 1727; x_wconf 86' lang='lat' dir='ltr'>literarium</span> <span class='ocrx_word' id='word_1_72' title='bbox 2056 1663 2179 1728; x_wconf 88' lang='lat' dir='ltr'>hoc</span> <span class='ocrx_word' id='word_1_73' title='bbox 2228 1684 2397 1727; x_wconf 91' lang='lat' dir='ltr'>com-</span> 
     </span>
     <span class='ocr_line' id='line_1_11' title="bbox 343 1781 2411 1848; baseline 0.002 -4"><span class='ocrx_word' id='word_1_74' title='bbox 343 1782 641 1845; x_wconf 82' lang='lat' dir='ltr'>mercium</span> <span class='ocrx_word' id='word_1_75' title='bbox 688 1781 953 1846; x_wconf 88' lang='lat' dir='ltr'>fideliter</span> <span class='ocrx_word' id='word_1_76' title='bbox 1001 1803 1294 1847; x_wconf 87' lang='lat' dir='ltr'>exercere</span> <span class='ocrx_word' id='word_1_77' title='bbox 1345 1804 1420 1848; x_wconf 90' lang='lat' dir='ltr'>ne</span> <span class='ocrx_word' id='word_1_78' title='bbox 1473 1783 1847 1847; x_wconf 83' lang='lat' dir='ltr'>desinamus,</span> <span class='ocrx_word' id='word_1_79' title='bbox 1947 1782 2147 1846; x_wconf 88' lang='lat' dir='ltr'>Hasio</span> <span class='ocrx_word' id='word_1_80' title='bbox 2188 1789 2411 1848; x_wconf 86' lang='lat' dir='ltr'>nostro&#39;</span> 
     </span>
     <span class='ocr_line' id='line_1_12' title="bbox 343 1900 2481 1989; baseline 0.001 -25"><span class='ocrx_word' id='word_1_81' title='bbox 343 1902 662 1989; x_wconf 87' lang='lat' dir='ltr'>utriusque</span> <span class='ocrx_word' id='word_1_82' title='bbox 729 1902 926 1966; x_wconf 90' lang='lat' dir='ltr'>libelli</span> <span class='ocrx_word' id='word_1_83' title='bbox 984 1904 1306 1989; x_wconf 83' lang='lat' dir='ltr'>exemplar</span> <span class='ocrx_word' id='word_1_84' title='bbox 1355 1924 1514 1966; x_wconf 90' lang='lat' dir='ltr'>nunc</span> <span class='ocrx_word' id='word_1_85' title='bbox 1565 1924 1810 1989; x_wconf 89' lang='lat' dir='ltr'>quoque</span> <span class='ocrx_word' id='word_1_86' title='bbox 1861 1903 2215 1988; x_wconf 91' lang='lat' dir='ltr'>misissem,</span> <span class='ocrx_word' id='word_1_87' title='bbox 2292 1900 2402 1967; x_wconf 88' lang='lat' dir='ltr'>sed</span> <span class='ocrx_word' id='word_1_88' title='bbox 2472 1960 2481 1967; x_wconf 87' lang='lat'>.</span> 
     </span>
     <span class='ocr_line' id='line_1_13' title="bbox 342 2021 2399 2108; baseline 0 -23"><span class='ocrx_word' id='word_1_89' title='bbox 342 2021 531 2107; x_wconf 87' lang='lat' dir='ltr'>quia,</span> <span class='ocrx_word' id='word_1_90' title='bbox 601 2030 670 2085; x_wconf 89' lang='lat' dir='ltr'>ut</span> <span class='ocrx_word' id='word_1_91' title='bbox 719 2022 976 2107; x_wconf 91' lang='lat' dir='ltr'>scribis,</span> <span class='ocrx_word' id='word_1_92' title='bbox 1054 2022 1260 2086; x_wconf 89' lang='lat' dir='ltr'>omnia</span> <span class='ocrx_word' id='word_1_93' title='bbox 1307 2022 1655 2106; x_wconf 83' lang='lat' dir='ltr'>Vltrajeete</span> <span class='ocrx_word' id='word_1_94' title='bbox 1707 2023 1790 2086; x_wconf 89' lang='lat' dir='ltr'>ad</span> <span class='ocrx_word' id='word_1_95' title='bbox 1840 2044 1955 2087; x_wconf 86' lang='lat' dir='ltr'>vos</span> <span class='ocrx_word' id='word_1_96' title='bbox 2004 2044 2119 2108; x_wconf 88' lang='lat' dir='ltr'>per</span> <span class='ocrx_word' id='word_1_97' title='bbox 2167 2023 2399 2086; x_wconf 89' lang='lat' dir='ltr'>milites</span> 
     </span>
     <span class='ocr_line' id='line_1_14' title="bbox 341 2132 2400 2226; baseline 0 -21"><span class='ocrx_word' id='word_1_98' title='bbox 341 2150 484 2206; x_wconf 89' lang='lat' dir='ltr'>sunt</span> <span class='ocrx_word' id='word_1_99' title='bbox 558 2142 933 2219; x_wconf 87' lang='lat' dir='ltr'>adferenda,</span> <span class='ocrx_word' id='word_1_100' title='bbox 1005 2142 1266 2207; x_wconf 86' lang='lat' dir='ltr'>verebar</span> <span class='ocrx_word' id='word_1_101' title='bbox 1314 2162 1390 2205; x_wconf 92' lang='lat' dir='ltr'>nc</span> <span class='ocrx_word' id='word_1_102' title='bbox 1441 2142 1576 2226; x_wconf 91' lang='lat' dir='ltr'>quis</span> <span class='ocrx_word' id='word_1_103' title='bbox 1629 2140 2043 2225; x_wconf 88' lang='lat' dir='ltr'>majusculam</span> <span class='ocrx_word' id='word_1_104' title='bbox 2093 2132 2400 2205; x_wconf 84' lang='lat' dir='ltr'>sarcinam</span> 
     </span>
     <span class='ocr_line' id='line_1_15' title="bbox 339 2260 2394 2347; baseline 0.001 -22"><span class='ocrx_word' id='word_1_105' title='bbox 339 2268 591 2346; x_wconf 85' lang='lat' dir='ltr'>portare</span> <span class='ocrx_word' id='word_1_106' title='bbox 640 2270 934 2347; x_wconf 86' lang='lat' dir='ltr'>gravatus</span> <span class='ocrx_word' id='word_1_107' title='bbox 983 2284 1202 2325; x_wconf 91' lang='lat' dir='ltr'>munus</span> <span class='ocrx_word' id='word_1_108' title='bbox 1236 2260 1400 2325; x_wconf 89' lang='lat' dir='ltr'>istud</span> <span class='ocrx_word' id='word_1_109' title='bbox 1436 2261 1827 2326; x_wconf 79' lang='lat' dir='ltr'>detrectaret.</span> <span class='ocrx_word' id='word_1_110' title='bbox 1912 2261 2157 2327; x_wconf 83' lang='lat' dir='ltr'>Mittam</span> <span class='ocrx_word' id='word_1_111' title='bbox 2191 2262 2394 2347; x_wconf 85' lang='lat' dir='ltr'>prima</span> 
     </span>
     <span class='ocr_line' id='line_1_16' title="bbox 343 2374 2403 2467; baseline 0.001 -24"><span class='ocrx_word' id='word_1_112' title='bbox 343 2374 691 2445; x_wconf 82' lang='lat' dir='ltr'>occasione.</span> <span class='ocrx_word' id='word_1_113' title='bbox 811 2381 1096 2445; x_wconf 90' lang='lat' dir='ltr'>Habebis</span> <span class='ocrx_word' id='word_1_114' title='bbox 1170 2381 1413 2445; x_wconf 85' lang='lat' dir='ltr'>interim</span> <span class='ocrx_word' id='word_1_115' title='bbox 1486 2382 1653 2467; x_wconf 89' lang='lat' dir='ltr'>quod</span> <span class='ocrx_word' id='word_1_116' title='bbox 1731 2379 1859 2445; x_wconf 88' lang='lat' dir='ltr'>bini</span> <span class='ocrx_word' id='word_1_117' title='bbox 1933 2381 2118 2445; x_wconf 90' lang='lat' dir='ltr'>simul</span> <span class='ocrx_word' id='word_1_118' title='bbox 2190 2382 2403 2467; x_wconf 88' lang='lat' dir='ltr'>legere</span> 
     </span>
     <span class='ocr_line' id='line_1_17' title="bbox 341 2500 2397 2587; baseline 0 -23"><span class='ocrx_word' id='word_1_119' title='bbox 341 2500 613 2586; x_wconf 85' lang='lat' dir='ltr'>possitis.</span> <span class='ocrx_word' id='word_1_120' title='bbox 687 2501 860 2576; x_wconf 85' lang='lat' dir='ltr'>Nihil</span> <span class='ocrx_word' id='word_1_121' title='bbox 908 2502 1060 2565; x_wconf 92' lang='lat' dir='ltr'>mihi</span> <span class='ocrx_word' id='word_1_122' title='bbox 1101 2502 1296 2587; x_wconf 87' lang='lat' dir='ltr'>possit</span> <span class='ocrx_word' id='word_1_123' title='bbox 1334 2502 1571 2585; x_wconf 90' lang='lat' dir='ltr'>gratius</span> <span class='ocrx_word' id='word_1_124' title='bbox 1608 2500 1931 2586; x_wconf 87' lang='lat' dir='ltr'>accidere,</span> <span class='ocrx_word' id='word_1_125' title='bbox 1985 2502 2067 2564; x_wconf 88' lang='lat' dir='ltr'>nil</span> <span class='ocrx_word' id='word_1_126' title='bbox 2096 2502 2397 2587; x_wconf 80' lang='lat' dir='ltr'>optatiuS,</span> 
     </span>
     <span class='ocr_line' id='line_1_18' title="bbox 345 2620 2402 2705; baseline 0.001 -23"><span class='ocrx_word' id='word_1_127' title='bbox 345 2641 532 2705; x_wconf 89' lang='lat' dir='ltr'>quam</span> <span class='ocrx_word' id='word_1_128' title='bbox 601 2620 653 2683; x_wconf 93' lang='lat' dir='ltr'>si</span> <span class='ocrx_word' id='word_1_129' title='bbox 722 2621 939 2686; x_wconf 91' lang='lat' dir='ltr'>crebro</span> <span class='ocrx_word' id='word_1_130' title='bbox 989 2622 1306 2685; x_wconf 83' lang='lat' dir='ltr'>molestias</span> <span class='ocrx_word' id='word_1_131' title='bbox 1355 2621 1505 2683; x_wconf 83' lang='lat' dir='ltr'>istas</span> <span class='ocrx_word' id='word_1_132' title='bbox 1558 2628 1695 2683; x_wconf 87' lang='lat' dir='ltr'>tuas</span> <span class='ocrx_word' id='word_1_133' title='bbox 1750 2621 2027 2686; x_wconf 85' lang='lat' dir='ltr'>verbosis</span> <span class='ocrx_word' id='word_1_134' title='bbox 2079 2620 2402 2705; x_wconf 88' lang='lat' dir='ltr'>longisque</span> 
     </span>
     <span class='ocr_line' id='line_1_19' title="bbox 344 2724 2401 2825; baseline 0 -23"><span class='ocrx_word' id='word_1_135' title='bbox 344 2740 536 2803; x_wconf 88' lang='lat' dir='ltr'>literis</span> <span class='ocrx_word' id='word_1_136' title='bbox 594 2740 653 2803; x_wconf 89' lang='lat' dir='ltr'>in</span> <span class='ocrx_word' id='word_1_137' title='bbox 703 2741 905 2803; x_wconf 88' lang='lat' dir='ltr'>sinum</span> <span class='ocrx_word' id='word_1_138' title='bbox 953 2762 1161 2805; x_wconf 91' lang='lat' dir='ltr'>meum</span> <span class='ocrx_word' id='word_1_139' title='bbox 1212 2740 1513 2825; x_wconf 84' lang='lat' dir='ltr'>deponas.</span> <span class='ocrx_word' id='word_1_140' title='bbox 1614 2724 1843 2803; x_wconf 84' lang='lat' dir='ltr'>Lucilii</span> <span class='ocrx_word' id='word_1_141' title='bbox 1893 2739 2013 2803; x_wconf 91' lang='lat' dir='ltr'>hoc</span> <span class='ocrx_word' id='word_1_142' title='bbox 2060 2740 2401 2803; x_wconf 85' lang='lat' dir='ltr'>institutum</span> 
     </span>
     <span class='ocr_line' id='line_1_20' title="bbox 338 2858 2399 2946; baseline 0 -25"><span class='ocrx_word' id='word_1_143' title='bbox 338 2858 498 2943; x_wconf 57' lang='lat' dir='ltr'>fuit,</span> <span class='ocrx_word' id='word_1_144' title='bbox 553 2866 615 2923; x_wconf 89' lang='lat' dir='ltr'>at</span> <span class='ocrx_word' id='word_1_145' title='bbox 664 2860 839 2944; x_wconf 90' lang='lat' dir='ltr'>cujus</span> <span class='ocrx_word' id='word_1_146' title='bbox 889 2859 1193 2924; x_wconf 76' lang='lat' dir='ltr'>hominis!</span> <span class='ocrx_word' id='word_1_147' title='bbox 1269 2858 1470 2931; x_wconf 83' lang='lat' dir='ltr'>Quem</span> <span class='ocrx_word' id='word_1_148' title='bbox 1519 2858 1798 2946; x_wconf 87' lang='lat' dir='ltr'>profecto</span> <span class='ocrx_word' id='word_1_149' title='bbox 1850 2866 2142 2945; x_wconf 80' lang='lat' dir='ltr'>tanquam</span> <span class='ocrx_word' id='word_1_150' title='bbox 2193 2878 2399 2922; x_wconf 93' lang='lat' dir='ltr'>emen-</span> 
     </span>
     <span class='ocr_line' id='line_1_21' title="bbox 340 2976 2393 3066; baseline -0 -25"><span class='ocrx_word' id='word_1_151' title='bbox 340 2976 728 3043; x_wconf 85' lang='lat' dir='ltr'>datissimum</span> <span class='ocrx_word' id='word_1_152' title='bbox 797 2980 1120 3065; x_wconf 80' lang='lat' dir='ltr'>exemplar</span> <span class='ocrx_word' id='word_1_153' title='bbox 1169 2979 1291 3043; x_wconf 93' lang='lat' dir='ltr'>sibi</span> <span class='ocrx_word' id='word_1_154' title='bbox 1340 2980 1671 3066; x_wconf 82' lang='lat' dir='ltr'>proposuit</span> <span class='ocrx_word' id='word_1_155' title='bbox 1718 2978 2021 3043; x_wconf 87' lang='lat' dir='ltr'>Horatius</span> <span class='ocrx_word' id='word_1_156' title='bbox 2070 2984 2276 3043; x_wconf 85' lang='lat' dir='ltr'>noster</span> <span class='ocrx_word' id='word_1_157' title='bbox 2314 2978 2393 3061; x_wconf 88' lang='lat'>¹):</span> 
     </span>
     <span class='ocr_line' id='line_1_22' title="bbox 532 3089 1896 3157; baseline 0.001 -4"><span class='ocrx_word' id='word_1_158' title='bbox 532 3089 646 3155; x_wconf 91' lang='lat' dir='ltr'>Ille</span> <span class='ocrx_word' id='word_1_159' title='bbox 696 3091 863 3157; x_wconf 86' lang='lat' dir='ltr'>velut</span> <span class='ocrx_word' id='word_1_160' title='bbox 912 3092 1048 3157; x_wconf 90' lang='lat' dir='ltr'>fidis</span> <span class='ocrx_word' id='word_1_161' title='bbox 1100 3112 1324 3156; x_wconf 86' lang='lat' dir='ltr'>areana</span> <span class='ocrx_word' id='word_1_162' title='bbox 1372 3091 1695 3155; x_wconf 88' lang='lat' dir='ltr'>sodalibus</span> <span class='ocrx_word' id='word_1_163' title='bbox 1750 3091 1896 3155; x_wconf 92' lang='lat' dir='ltr'>olim</span> 
     </span>
     <span class='ocr_line' id='line_1_23' title="bbox 535 3182 2254 3289; baseline 0 -24"><span class='ocrx_word' id='word_1_164' title='bbox 535 3182 1114 3286; x_wconf 24' lang='lat' dir='ltr'>credebat-chartiS,</span> <span class='ocrx_word' id='word_1_165' title='bbox 1151 3224 1374 3289; x_wconf 91' lang='lat' dir='ltr'>neque,</span> <span class='ocrx_word' id='word_1_166' title='bbox 1400 3204 1454 3267; x_wconf 88' lang='lat' dir='ltr'>si</span> <span class='ocrx_word' id='word_1_167' title='bbox 1481 3204 1647 3268; x_wconf 90' lang='lat' dir='ltr'>male</span> <span class='ocrx_word' id='word_1_168' title='bbox 1674 3211 1963 3287; x_wconf 84' lang='lat' dir='ltr'>cesserat,</span> <span class='ocrx_word' id='word_1_169' title='bbox 1994 3222 2254 3287; x_wconf 87' lang='lat' dir='ltr'>usquam</span> 
     </span>
     <span class='ocr_line' id='line_1_24' title="bbox 534 3293 2435 3400; baseline 0.001 -25"><span class='ocrx_word' id='word_1_170' title='bbox 534 3312 882 3379; x_wconf 79' lang='lat' dir='ltr'>Decurrens</span> <span class='ocrx_word' id='word_1_171' title='bbox 935 3315 1094 3399; x_wconf 90' lang='lat' dir='ltr'>ali0,</span> <span class='ocrx_word' id='word_1_172' title='bbox 1150 3336 1350 3400; x_wconf 89' lang='lat' dir='ltr'>neque</span> <span class='ocrx_word' id='word_1_173' title='bbox 1401 3315 1452 3377; x_wconf 90' lang='lat' dir='ltr'>si</span> <span class='ocrx_word' id='word_1_174' title='bbox 1510 3314 1689 3378; x_wconf 91' lang='lat' dir='ltr'>bene.</span> <span class='ocrx_word' id='word_1_175' title='bbox 1807 3293 1811 3297; x_wconf 31' lang='lat'>¹</span> <span class='ocrx_word' id='word_1_176' title='bbox 2429 3388 2435 3397; x_wconf 31' lang='lat'><strong><em>¹</em></strong></span> 
     </span>
     <span class='ocr_line' id='line_1_25' title="bbox 339 3424 2505 3511; baseline -0.001 -22"><span class='ocrx_word' id='word_1_177' title='bbox 339 3426 419 3489; x_wconf 91' lang='lat' dir='ltr'>Id</span> <span class='ocrx_word' id='word_1_178' title='bbox 479 3426 657 3510; x_wconf 85' lang='lat' dir='ltr'>vole,</span> <span class='ocrx_word' id='word_1_179' title='bbox 729 3432 796 3489; x_wconf 88' lang='lat' dir='ltr'>ut</span> <span class='ocrx_word' id='word_1_180' title='bbox 853 3426 1099 3508; x_wconf 88' lang='lat' dir='ltr'>nugeris</span> <span class='ocrx_word' id='word_1_181' title='bbox 1158 3446 1429 3511; x_wconf 91' lang='lat' dir='ltr'>mecum,</span> <span class='ocrx_word' id='word_1_182' title='bbox 1481 3433 1549 3489; x_wconf 83' lang='lat' dir='ltr'>ut</span> <span class='ocrx_word' id='word_1_183' title='bbox 1582 3424 1791 3510; x_wconf 88' lang='lat' dir='ltr'>ludas,</span> <span class='ocrx_word' id='word_1_184' title='bbox 1830 3430 1899 3487; x_wconf 81' lang='lat' dir='ltr'>ut</span> <span class='ocrx_word' id='word_1_185' title='bbox 1926 3424 2397 3511; x_wconf 86' lang='lat' dir='ltr'>epigrammata,</span> <span class='ocrx_word' id='word_1_186' title='bbox 2500 3436 2505 3440; x_wconf 78' lang='grc'>’</span> 
     </span>
     <span class='ocr_line' id='line_1_26' title="bbox 342 3520 2461 3629; baseline 0 -24"><span class='ocrx_word' id='word_1_187' title='bbox 342 3564 504 3629; x_wconf 89' lang='lat' dir='ltr'>quae</span> <span class='ocrx_word' id='word_1_188' title='bbox 551 3564 668 3628; x_wconf 91' lang='lat' dir='ltr'>ego</span> <span class='ocrx_word' id='word_1_189' title='bbox 719 3564 907 3629; x_wconf 88' lang='lat' dir='ltr'>aeger</span> <span class='ocrx_word' id='word_1_190' title='bbox 939 3544 1248 3627; x_wconf 88' lang='lat' dir='ltr'>hauriam,</span> <span class='ocrx_word' id='word_1_191' title='bbox 1305 3544 1781 3609; x_wconf 75' lang='lat' dir='ltr'>conseribelleS.</span> <span class='ocrx_word' id='word_1_192' title='bbox 1857 3543 1957 3608; x_wconf 87' lang='lat' dir='ltr'>Eo</span> <span class='ocrx_word' id='word_1_193' title='bbox 1992 3544 2179 3608; x_wconf 88' lang='lat' dir='ltr'>modo</span> <span class='ocrx_word' id='word_1_194' title='bbox 2208 3543 2400 3609; x_wconf 91' lang='lat' dir='ltr'>otium</span> <span class='ocrx_word' id='word_1_195' title='bbox 2455 3520 2461 3524; x_wconf 21' lang='grc' dir='ltr'>ι</span> 
     </span>
     <span class='ocr_line' id='line_1_27' title="bbox 339 3662 2399 3749; baseline -0 -23"><span class='ocrx_word' id='word_1_196' title='bbox 339 3670 516 3727; x_wconf 88' lang='lat' dir='ltr'>tuum</span> <span class='ocrx_word' id='word_1_197' title='bbox 589 3673 654 3725; x_wconf 88' lang='lat' dir='ltr'>ut</span> <span class='ocrx_word' id='word_1_198' title='bbox 725 3662 1002 3727; x_wconf 88' lang='lat' dir='ltr'>oblectes</span> <span class='ocrx_word' id='word_1_199' title='bbox 1072 3670 1285 3726; x_wconf 87' lang='lat' dir='ltr'>auctor</span> <span class='ocrx_word' id='word_1_200' title='bbox 1356 3685 1519 3727; x_wconf 91' lang='lat' dir='ltr'>sum.</span> <span class='ocrx_word' id='word_1_201' title='bbox 1620 3664 1785 3728; x_wconf 88' lang='lat' dir='ltr'>Nam</span> <span class='ocrx_word' id='word_1_202' title='bbox 1856 3664 2021 3749; x_wconf 93' lang='lat' dir='ltr'>quod</span> <span class='ocrx_word' id='word_1_203' title='bbox 2072 3671 2133 3729; x_wconf 91' lang='lat' dir='ltr'>te</span> <span class='ocrx_word' id='word_1_204' title='bbox 2183 3662 2399 3727; x_wconf 88' lang='lat' dir='ltr'>studiis</span> 
     </span>
     <span class='ocr_line' id='line_1_28' title="bbox 341 3779 2400 3867; baseline 0.001 -24"><span class='ocrx_word' id='word_1_205' title='bbox 341 3779 536 3845; x_wconf 89' lang='lat' dir='ltr'>dedas</span> <span class='ocrx_word' id='word_1_206' title='bbox 609 3783 1028 3867; x_wconf 71' lang='lat' dir='ltr'>gravioribUS,</span> <span class='ocrx_word' id='word_1_207' title='bbox 1107 3784 1308 3846; x_wconf 81' lang='lat' dir='ltr'>miuus</span> <span class='ocrx_word' id='word_1_208' title='bbox 1383 3792 1479 3847; x_wconf 85' lang='lat' dir='ltr'>est</span> <span class='ocrx_word' id='word_1_209' title='bbox 1559 3784 1777 3849; x_wconf 89' lang='lat' dir='ltr'>nihilo.</span> <span class='ocrx_word' id='word_1_210' title='bbox 1896 3782 2120 3848; x_wconf 89' lang='lat' dir='ltr'>Melius</span> <span class='ocrx_word' id='word_1_211' title='bbox 2196 3790 2400 3847; x_wconf 91' lang='lat' dir='ltr'>tecum</span> 
     </span>
    </p>
   </div>
   <div class='ocr_carea' id='block_1_3' title="bbox 315 3902 2399 4210">
    <p class='ocr_par' dir='ltr' id='par_1_3' title="bbox 315 3902 2399 4210">
     <span class='ocr_line' id='line_1_29' title="bbox 341 3902 2397 3989; baseline 0.001 -26"><span class='ocrx_word' id='word_1_212' title='bbox 341 3909 630 3985; x_wconf 86' lang='lat' dir='ltr'>ageretur</span> <span class='ocrx_word' id='word_1_213' title='bbox 701 3904 754 3964; x_wconf 85' lang='lat' dir='ltr'>si</span> <span class='ocrx_word' id='word_1_214' title='bbox 821 3924 990 3967; x_wconf 89' lang='lat' dir='ltr'>esses</span> <span class='ocrx_word' id='word_1_215' title='bbox 1059 3905 1245 3967; x_wconf 72' lang='lat' dir='ltr'>solue.</span> <span class='ocrx_word' id='word_1_216' title='bbox 1345 3902 1573 3967; x_wconf 88' lang='lat' dir='ltr'>Perfer</span> <span class='ocrx_word' id='word_1_217' title='bbox 1625 3911 1827 3968; x_wconf 89' lang='lat' dir='ltr'>tamen</span> <span class='ocrx_word' id='word_1_218' title='bbox 1884 3912 2067 3989; x_wconf 91' lang='lat' dir='ltr'>atque</span> <span class='ocrx_word' id='word_1_219' title='bbox 2118 3903 2397 3986; x_wconf 89' lang='lat' dir='ltr'>obdura,</span> 
     </span>
     <span class='ocr_line' id='line_1_30' title="bbox 315 4003 2399 4078; baseline -0.001 -2"><span class='ocrx_word' id='word_1_220' title='bbox 315 4003 404 4076; x_wconf 45' lang='lat' dir='ltr'>‘et</span> <span class='ocrx_word' id='word_1_221' title='bbox 476 4012 835 4077; x_wconf 90' lang='lat' dir='ltr'>melioribus</span> <span class='ocrx_word' id='word_1_222' title='bbox 903 4022 965 4077; x_wconf 82' lang='lat' dir='ltr'>te</span> <span class='ocrx_word' id='word_1_223' title='bbox 1031 4014 1214 4078; x_wconf 89' lang='lat' dir='ltr'>rebus</span> <span class='ocrx_word' id='word_1_224' title='bbox 1267 4021 1531 4077; x_wconf 87' lang='lat' dir='ltr'>servato.</span> <span class='ocrx_word' id='word_1_225' title='bbox 1643 4012 1891 4077; x_wconf 85' lang='lat' dir='ltr'>Salutat</span> <span class='ocrx_word' id='word_1_226' title='bbox 1942 4034 2050 4078; x_wconf 87' lang='lat' dir='ltr'>vos</span> <span class='ocrx_word' id='word_1_227' title='bbox 2103 4012 2399 4076; x_wconf 86' lang='lat' dir='ltr'>Francius</span> 
     </span>
     <span class='ocr_line' id='line_1_31' title="bbox 339 4118 2397 4210; baseline 0 -24"><span class='ocrx_word' id='word_1_228' title='bbox 339 4131 570 4187; x_wconf 87' lang='lat' dir='ltr'>noster.</span> <span class='ocrx_word' id='word_1_229' title='bbox 669 4118 864 4207; x_wconf 87' lang='lat' dir='ltr'>Vale,</span> <span class='ocrx_word' id='word_1_230' title='bbox 936 4124 1020 4186; x_wconf 90' lang='lat' dir='ltr'>mi</span> <span class='ocrx_word' id='word_1_231' title='bbox 1067 4124 1303 4208; x_wconf 82' lang='lat' dir='ltr'>frater,</span> <span class='ocrx_word' id='word_1_232' title='bbox 1372 4146 1513 4187; x_wconf 91' lang='lat' dir='ltr'>cum</span> <span class='ocrx_word' id='word_1_233' title='bbox 1562 4130 1781 4187; x_wconf 86' lang='lat' dir='ltr'>nost-ro</span> <span class='ocrx_word' id='word_1_234' title='bbox 1833 4125 2081 4210; x_wconf 83' lang='lat' dir='ltr'>HasiO,</span> <span class='ocrx_word' id='word_1_235' title='bbox 2155 4133 2215 4190; x_wconf 86' lang='lat' dir='ltr'>et</span> <span class='ocrx_word' id='word_1_236' title='bbox 2262 4145 2397 4209; x_wconf 92' lang='lat' dir='ltr'>me,</span> 
     </span>
    </p>
   </div>
   <div class='ocr_carea' id='block_1_4' title="bbox 340 4234 1973 4421">
    <p class='ocr_par' dir='ltr' id='par_1_4' title="bbox 340 4234 1973 4421">
     <span class='ocr_line' id='line_1_32' title="bbox 340 4234 1973 4322; baseline 0.001 -24"><span class='ocrx_word' id='word_1_237' title='bbox 340 4235 871 4321; x_wconf 70' lang='lat' dir='ltr'>quod‚nunquam</span> <span class='ocrx_word' id='word_1_238' title='bbox 919 4235 1122 4299; x_wconf 87' lang='lat' dir='ltr'>facere</span> <span class='ocrx_word' id='word_1_239' title='bbox 1172 4234 1444 4319; x_wconf 86' lang='lat' dir='ltr'>desinis,</span> <span class='ocrx_word' id='word_1_240' title='bbox 1502 4256 1712 4299; x_wconf 82' lang='lat' dir='ltr'>amare</span> <span class='ocrx_word' id='word_1_241' title='bbox 1760 4258 1973 4322; x_wconf 89' lang='lat' dir='ltr'>perge.</span> 
     </span>
     <span class='ocr_line' id='line_1_33' title="bbox 436 4346 1689 4421; baseline 0 -12"><span class='ocrx_word' id='word_1_242' title='bbox 436 4346 911 4421; x_wconf 87' lang='lat' dir='ltr'>Amstelodami.</span> <span class='ocrx_word' id='word_1_243' title='bbox 983 4349 1069 4411; x_wconf 83' lang='lat'>20</span> <span class='ocrx_word' id='word_1_244' title='bbox 1121 4346 1420 4410; x_wconf 81' lang='lat' dir='ltr'>Februar.</span> <span class='ocrx_word' id='word_1_245' title='bbox 1478 4350 1689 4411; x_wconf 88' lang='grc'><strong>1689.</strong></span> 
     </span>
    </p>
   </div>
   <div class='ocr_carea' id='block_1_5' title="bbox 1175 4459 1352 4475">
    <p class='ocr_par' dir='ltr' id='par_1_5' title="bbox 1175 4459 1352 4475">
     <span class='ocr_line' id='line_1_34' title="bbox 1175 4459 1352 4475; baseline -0.011 0"><span class='ocrx_word' id='word_1_246' title='bbox 1175 4459 1352 4475; x_wconf 61' lang='grc' dir='ltr'>ΜΛ</span> 
     </span>
    </p>
   </div>
   <div class='ocr_carea' id='block_1_6' title="bbox 1355 4463 1527 4479">
    <p class='ocr_par' dir='ltr' id='par_1_6' title="bbox 1355 4463 1527 4479">
     <span class='ocr_line' id='line_1_35' title="bbox 1355 4463 1527 4479; baseline 0 730"><span class='ocrx_word' id='word_1_247' title='bbox 1355 4463 1527 4479; x_wconf 95' lang='lat' dir='ltr'> </span> 
     </span>
    </p>
   </div>
   <div class='ocr_carea' id='block_1_7' title="bbox 337 4486 574 4499">
    <p class='ocr_par' dir='ltr' id='par_1_7' title="bbox 337 4486 574 4499">
     <span class='ocr_line' id='line_1_36' title="bbox 337 4486 574 4499; baseline 0 710"><span class='ocrx_word' id='word_1_248' title='bbox 337 4486 574 4499; x_wconf 95' lang='lat' dir='ltr'> </span> 
     </span>
    </p>
   </div>
   <div class='ocr_carea' id='block_1_8' title="bbox 577 4488 750 4495">
    <p class='ocr_par' dir='ltr' id='par_1_8' title="bbox 577 4488 750 4495">
     <span class='ocr_line' id='line_1_37' title="bbox 577 4488 750 4495; baseline 0 0"><span class='ocrx_word' id='word_1_249' title='bbox 577 4488 750 4495; x_wconf 95' lang='lat' dir='ltr'> </span> 
     </span>
    </p>
   </div>
   <div class='ocr_carea' id='block_1_9' title="bbox 445 4525 1238 4605">
    <p class='ocr_par' dir='ltr' id='par_1_9' title="bbox 445 4525 1238 4605">
     <span class='ocr_line' id='line_1_38' title="bbox 445 4525 1238 4605; baseline 0.003 -20"><span class='ocrx_word' id='word_1_250' title='bbox 445 4526 486 4605; x_wconf 86' lang='grc'>·)</span> <span class='ocrx_word' id='word_1_251' title='bbox 577 4525 698 4585; x_wconf 76' lang='lat' dir='ltr'>Sat.</span> <span class='ocrx_word' id='word_1_252' title='bbox 747 4526 840 4602; x_wconf 91' lang='lat'>11,</span> <span class='ocrx_word' id='word_1_253' title='bbox 895 4529 959 4605; x_wconf 84' lang='lat'>1,</span> <span class='ocrx_word' id='word_1_254' title='bbox 1007 4546 1090 4586; x_wconf 79' lang='lat' dir='ltr'>vs.</span> <span class='ocrx_word' id='word_1_255' title='bbox 1143 4530 1238 4587; x_wconf 87' lang='lat'>30.</span> 
     </span>
    </p>
   </div>
   <div class='ocr_carea' id='block_1_10' title="bbox 2960 0 2964 903">
    <p class='ocr_par' dir='ltr' id='par_1_10' title="bbox 2960 0 2964 903">
     <span class='ocr_line' id='line_1_39' title="bbox 2960 0 2964 903; baseline 0 0"><span class='ocrx_word' id='word_1_256' title='bbox 2960 0 2964 903; x_wconf 95' lang='lat' dir='ltr'> </span> 
     </span>
    </p>
   </div>
  </div>
 </body>
</html>
