2975 5209
1337 491 1484 590 *133

382 685 786 750 Excitandus
833 681 952 750 'est
1015 685 1130 748 tibi
1193 688 1286 750 vir
1349 688 1457 752 ille
1525 698 1592 754 ut
1638 692 1887 776 saepius
1937 678 2197 776 scribat,
2247 711 2449 777 neque

384 806 476 868 sit
551 804 707 868 adeo
784 804 1106 890 negligens
1181 806 1386 870 famae
1460 829 1629 873 suae.
1735 809 1938 874 Crede
1995 810 2181 893 mihi,
2233 809 2449 873 talium

385 924 788 1008 ingeniorum
853 924 1040 988 hodie
1111 927 1342 1012 oppido
1394 950 1538 992 cara
1590 936 1684 994 est
1731 950 1994 1020 annona.
2093 928 2193 993 Ne
2241 925 2469 992 tamen'

391 1043 608 1107 omnia
656 1065 755 1107 me
802 1054 984 1130 putes
1035 1045 1424 1129 collaudare,
1479 1047 1647 1112 nullo
1681 1047 1845 1110 facto
1900 1046 2269 1133 discrimine,
2306 1044 2452 1132 quid

395 1161 524 1225 sibi
589 1165 718 1226 vult
785 1163 896 1242 hio,
953 1166 1288 1228 versiculus
1358 1187 1417 1250 p.
1480 1167 1613 1230 10?
1710 1165 1992 1230 Putrida
2042 1167 2291 1251 squalet⁵
2336 1166 2454 1230 hu-

406 1303 554 1346 mus
629 1284 834 1346 nitido
885 1285 1152 1349 collatus
1205 1283 1507 1370 olympo?
1557 1285 1694 1350 Nisi
1742 1286 1961 1371 fallor,
2014 1264 2287 1350 deseruit
2333 1284 2455 1350 hoc

397 1404 548 1467 loco
626 1404 824 1467 virum
903 1427 1020 1468 sua
1092 1407 1448 1470 acrimonia.
1548 1406 1684 1470 Nec
1743 1407 1993 1491 placent
2053 1412 2145 1469 tot
2207 1405 2457 1468 nomina

400 1523 743 1609 Hebraea,
822 1525 1008 1590 etiam
1071 1525 1386 1590 Hebraice
1450 1526 1696 1589 inflexa.
1796 1524 2067 1589 Nitidius
2131 1525 2194 1588 id
2256 1544 2453 1608 genus

405 1649 606 1706 totum
683 1644 1050 1728 exprimitur
1121 1646 1224 1710 vel
1298 1645 1585 1730 epithetis
1648 1645 2125 1730 patronymicis,
2180 1644 2281 1708 vel
2328 1643 2454 1707 alia

407 1763 617 1848 aliqua
679 1763 916 1827 ratione
966 1765 1132 1850 apud
1182 1785 1363 1829 aures
1411 1765 1669 1832 Latinas
1718 1766 1916 1850 magis
1966 1764 2271 1829 familiari.
2372 1762 2457 1827 Et

407 1890 550 1944 sunt
615 1883 684 1945 in·
715 1890 965 1968 promtu
1013 1885 1304 1969 exempla
1354 1904 1719 1968 magnorum
1768 1887 2113 1968 poetarum.
2213 1881 2454 1967 Accipe

321 2076 338 2080 ὀ
410 2024 608 2087 nunc,
687 2004 790 2087 (ne
852 2004 1076 2067 frustra
1151 2004 1228 2067 ad
1303 2003 1701 2068 scribendum
1750 2003 2173 2088 proritaveris)
2225 2001 2372 2086 quid
2422 2022 2460 2064 a

412 2132 472 2184 te
521 2127 838 2205 praestare
886 2123 1037 2186 mihi
1084 2124 1414 2208 postulem.
1514 2121 1619 2186 Ex
1659 2124 1944 2187 auctione
1976 2121 2454 2208 Byleveldiana,

413 2261 576 2326 quae
651 2241 818 2327 apud
873 2262 978 2306 vos
1028 2242 1400 2327 habebitur,
1456 2243 1571 2306 hos
1621 2243 1771 2306 mihi
1820 2242 2012 2306 libros
2063 2241 2183 2305 emi
2233 2240 2461 2326 velim,

415 2361 466 2422 si
509 2360 684 2444 justo
733 2369 994 2447 possunt
1039 2363 1242 2447 pretio
1294 2363 1663 2448 comparari.
1760 2362 1833 2425 In
1882 2370 2100 2447 quarto
2151 2382 2252 2425 no,
2284 2361 2460 2444 220,

417 2479 595 2543 Mori
676 2479 903 2564 Utopia
944 2483 1004 2562 ¹).
1104 2481 1176 2545 In
1247 2494 1464 2545 octavo
1536 2503 1637 2546 no.
1701 2484 1824 2566 52,
1898 2480 2127 2545 Vallae
2195 2487 2462 2544 annota-

414 2603 613 2664 tiones
663 2604 733 2664 in
783 2601 864 2665 N.
927 2601 996 2664 T.
1031 2603 1100 2686 2),
1155 2623 1251 2664 nc.
1299 2603 1464 2685 120,
1521 2601 1817 2665 Fabricii
1838 2607 2138 2685 poimata
2166 2622 2361 2664 sacra
2392 2603 2459 2684 ³).

412 2718 485 2782 In
557 2720 924 2784 duodecimo
995 2742 1091 2784 no.
1148 2709 1278 2800 44,
1333 2721 1650 2784 Reusneri
1699 2719 2362 2806 Aeniqmatoyraphia
2390 2720 2461 2803 ⁴).

415 2838 558 2922 Ego
621 2841 888 2925 pretium
963 2839 1065 2902 hic
1114 2838 1437 2903 refundam
1489 2837 1655 2924 apud
1708 2839 1974 2924 aliquem
2027 2846 2271 2903 tuorum
2321 2859 2465 2923 cog-

515 3053 555 3125 ¹)
645 3051 905 3110 Thomas
952 3051 1119 3110 More
1167 3052 1677 3128 (1480-1535),
1723 3050 1988 3128 Anglus‚
2035 3049 2465 3126 rempublicam

413 3157 635 3216 gerens
700 3157 736 3194 a
800 3136 968 3214 Rege
1029 3137 1291 3196 Henrico
1351 3137 1503 3194 VIII
1548 3137 1760 3214 capitis
1806 3137 2121 3194 damnatus
2164 3139 2275 3198 est.
2320 3135 2467 3192 Eius

412 3226 569 3282 liber
630 3224 850 3298 Utopia
915 3225 1133 3298 (1518)
1201 3223 1461 3280 conferri
1530 3228 1722 3300 potest
1768 3241 1904 3278 cum
1948 3221 2179 3278 Erasmi
2224 3220 2462 3277 libello:

419 3310 736 3366 Stultitiae
781 3313 938 3366 laus.

503 3392 554 3468 ²)
643 3394 1006 3452 Laurentius
1096 3393 1277 3450 Valla
1365 3393 1867 3468 (1407—1457);
1960 3397 2137 3449 natus
2204 3389 2463 3464 Romae,

411 3497 696 3556 magnam
758 3479 996 3537 laudem
1044 3479 1158 3536 sibi
1203 3495 1438 3554 compar
1420 3478 1571 3536 ravit
1615 3478 1767 3535 libro
1817 3477 1908 3534 De
1954 3477 2281 3535 donatione
2314 3475 2465 3533 Con-

412 3569 680 3624 stamini
703 3567 926 3641 mayni,
953 3571 1012 3622 et
1038 3564 1410 3622 versionibus
1435 3564 1687 3622 Latinis
1680 3562 1990 3620 &Herodoti
2014 3567 2197 3636 atque
2221 3561 2462 3636 Thucy-

415 3652 591 3708 didis.
660 3651 840 3708 Anno
913 3652 1070 3707 1505
1140 3649 1419 3707 Lutetiae
1484 3649 1835 3726 prodierunt
1906 3648 2356 3705 Annotationes
2402 3641 2507 3703 in'

417 3737 658 3798 Novum
714 3737 1170 3794 Testamentum.

510 3819 558 3895 ³)
647 3821 944 3898 Georgius
1002 3820 1315 3877 Fabricius
1360 3821 1634 3896 (1516-
1564 3820 1854 3893 -1571),
1902 3818 2269 3890 Germanus,
2317 3816 2471 3874 celc-

417 3909 714 3965 berrimus
759 3907 873 3964 fuit
902 3910 1083 3983 poeta
1112 3905 1383 3963 Latinus.
1419 3906 1563 3962 Eius
1602 3905 1951 3963 Poematuin
1984 3921 2303 3961 sacrorum
2323 3902 2469 3959 libri

415 3994 538 4050 XV
581 3994 776 4050 lucem
822 3993 1102 4049 viderunt
1147 4009 1199 4048 a.
1254 3991 1413 4048 1560
1459 3989 1754 4048 Basileae.

506 4076 559 4150 4)
647 4078 933 4136 Nicolaus
977 4078 1318 4133 Reusnerus
1343 4076 1839 4151 (1545—1602),
1880 4075 2236 4146 GermanUS,
2275 4072 2465 4130 scien-

417 4165 566 4223 tiam
612 4163 757 4220 iuris
801 4162 1193 4240 profitebatur
1238 4161 1633 4237 Argentorat1
1657 4166 1841 4236 atque
1864 4159 2120 4218 Athenis
2146 4157 2221 4215 ad
2246 4158 2463 4215 Salam.

416 4250 758 4307 Permultos
816 4249 1001 4306 libros
1060 4248 1122 4303 in
1167 4247 1362 4304 lucem
1408 4247 1625 4304 emisit.
1678 4243 2315 4320 Aeniqmatoyraphia
2363 4262 2468 4300 seu

423 4335 488 4391 S
469 4336 670 4410 Jlloqe
744 4336 1149 4410 aeniqmatum
1217 4339 1268 4388 et
1335 4333 1534 4408 l09092
1539 4331 1720 4406 ipim
1742 4351 1843 4388 nm
1911 4330 2352 4400 convivalium,
2401 4347 2471 4384 ex

375 4422 380 4428 ’
421 4422 622 4478 variis
669 4420 1022 4477 auctoribus
1068 4419 1448 4475 collectorum
1493 4416 1716 4494 prodiit
1758 4415 2154 4494 Argentorati
2185 4432 2239 4471 a.
2271 4415 2469 4488 1589,
2510 4479 2514 4483 ¹

269 4494 279 4503 ⁶
383 4504 808 4576 ‚Francofurti
849 4524 904 4564 a.
959 4505 1139 4561 1602.
