2975 5209
1564 477 1693 542 122

599 671 862 738 Bomiuo
907 674 1064 760 petit
1109 673 1538 760 praefationen
1590 695 1627 737 a
1676 669 1967 737 Graevio.
2066 671 2257 736 Putat
2292 673 2399 737 ille
2432 673 2643 738 melius

597 812 771 878 esse,
832 793 885 857 si
934 792 1154 858 Celsus
1201 814 1324 858 uno
1381 791 1731 880 eodemque
1780 792 2092 857 volumine
2141 791 2485 856 excudatur
2530 813 2645 879 quo

599 910 849 978 Caesar.
933 913 1168 978 Rector
1206 911 1851 978 Amstelaedamensis
1888 909 2169 976 Gorisius
2206 913 2249 996 ¹)
2301 911 2457 976 dixit
2480 913 2643 999 apud

598 1028 887 1096 Wittium
937 1030 1405 1097 Dor-draconum
1458 1030 1631 1095 aliud
1682 1031 2007 1118 exemplar
2055 1030 2224 1096 Celsi
2271 1039 2537 1098 exstare.

694 1147 1169 1216 Amstelodami.
1226 1151 1266 1213 5
1316 1147 1468 1234 Maji
1528 1151 1727 1214 1694.

1768 1295 1832 1311 Μ

1572 1375 1682 1438 98.

1225 1514 1416 1578 loanni
1461 1512 1708 1596 Geor-qiu
1754 1511 1997 1576 Gracvlo

1310 1625 1477 1689 lanus
1530 1623 1931 1688 Broukhusius.

694 1739 957 1824 Libros,
1035 1761 1191 1826 quos
1269 1739 1577 1805 Graevius
1645 1739 1765 1802 sibi
1820 1736 2204 1802 commodari
2252 1736 2478 1822 voluit,
2532 1758 2657 1802 non

535 1923 541 1930 ,
604 1859 769 1924 emit.
869 1857 1073 1924 Notae
1144 1861 1206 1923 in
1270 1860 1394 1923 illis
1462 1859 1688 1922 nullius
1738 1863 1877 1922 sunt
1922 1856 2121 1943 pretii.
2176 1895 2265 1904 --
2321 1855 2465 1938 „De
2513 1876 2658 1920 meo

603 1974 682 2040 ad
750 1998 859 2041 vos
929 1998 1195 2042 excursu
1268 1999 1387 2064 ego
1454 1977 1705 2064 quidem
1778 1977 1929 2040 nihil
1999 1976 2285 2062 polliceri
2358 1996 2655 2061 possum3

609 2094 767 2160 adeo
802 2095 965 2160 lente
981 2097 1063 2180 (Ρ)
1096 2117 1210 2159 nos
1243 2096 1476 2160 habent
1514 2098 1603 2161 rei
1630 2097 1975 2161 maritimae
2006 2096 2363 2160 Curatores,
2400 2095 2663 2160 Interim

606 2215 992 2280 nobilissimo
1045 2216 1455 2281 Heemstedio
1468 2219 1518 2301 2)
1549 2216 1737 2282 velim
1760 2218 1915 2282 meis
1950 2217 2156 2282 verbis
2182 2222 2391 2301 gratas
2424 2216 2665 2301 gratias

605 2354 758 2419 agas
804 2355 920 2420 pro
973 2334 1350 2399 humanitate
1399 2343 1525 2400 tam
1566 2336 1829 2424 prolixa.
1885 2335 2137 2401 Utinam
2161 2337 2224 2399 in
2251 2335 2384 2400 istis
2410 2334 2662 2422 Tempe

491 2459 496 2466 '
605 2453 790 2518 liceat
859 2454 1190 2541 aliquando
1262 2455 1322 2517 in
1392 2464 1498 2519 tuo
1566 2455 1906 2543 complexu
1955 2456 2259 2542 respirare
2308 2475 2345 2518 a
2394 2454 2665 2538 negotiis

609 2571 687 2637 ab
751 2572 871 2639 hoo
939 2574 1143 2638 animo
1210 2575 1390 2638 nimis
1460 2596 1645 2661 quam
1700 2575 1953 2640 alienis!
2054 2573 2137 2637 Et
2185 2580 2392 2637 tamen
2443 2571 2664 2637 licebit

613 2691 1010 2780 aliquand0.”

701 2799 1178 2879 Ametelodami.
1242 2818 1322 2879 14
1373 2813 1544 2899 Maji.
1605 2816 1803 2879 1694.

1782 2957 1836 2972 N

1424 2960 1529 2977 m

1540 3039 1627 3100 99
1664 3038 1733 3121 ³).

1354 3153 1491 3214 lano
1537 3151 1890 3215 Broukhusio

1371 3263 1414 3324 l.
1461 3261 1520 3324 F.
1566 3261 1891 3325 cremer-us.

706 3391 1258 3457 Danckelmannus
1331 3391 1713 3456 Broukhusii
1788 3399 1849 3456 et
1926 3393 2175 3457 Francii
2246 3392 2489 3478 accepit
2539 3415 2677 3458 car-

599 3565 734 3640 filii
777 3606 790 3620 .
842 3606 854 3619 .
905 3606 916 3619 .
967 3606 980 3620 .
1030 3563 1283 3620 Amstel.
1371 3562 1533 3620 Huic
1592 3562 1843 3620 editioni
1887 3562 2190 3621 subiuncti
2233 3567 2373 3620 sunt
2419 3565 2493 3621 de
2542 3566 2677 3622 vita

617 3649 906 3708 Caesaris
953 3649 1368 3706 commentarii
1410 3648 1568 3706 Iulio
1616 3648 1791 3706 Celso
1835 3648 2065 3707 tributi.

697 3733 1026 3810 Dionysius
1056 3733 1300 3790 Vossius
1333 3735 1840 3808 (1602—1633),
1876 3733 2132 3791 Gerardi
2160 3733 2336 3806 filius,
2368 3733 2433 3790 in
2466 3734 2677 3792 animo

613 3819 827 3878 habuit
873 3820 1196 3878 Caesarem
1238 3819 1398 3877 notis
1443 3819 1807 3877 illustratum
1854 3818 2065 3892 edere,
2113 3838 2245 3876 cum
2292 3837 2451 3876 mors
2490 3838 2677 3896 prae-

613 3911 850 3964 matura
895 3922 1031 3962 eum
1075 3909 1333 3980 raperet.
2066 3919 2071 3924 ·

705 3993 746 4062 ¹)
833 3990 1102 4048 Joannes
1169 3989 1345 4046 Goris
1410 3988 1525 4047 fuit
1570 4007 1623 4046 a.
1700 3991 1857 4046 1669
1926 3993 2284 4065 praeceptor
2352 3989 2679 4064 Gymnasii

613 4075 1011 4148 Dordraceni,
1079 4093 1131 4132 a.
1209 4076 1362 4132 1681
1437 4074 1749 4150 Gymnasii
1793 4073 2151 4149 Traiectini‚
2212 4079 2428 4150 postea
2472 4082 2678 4134 rector

612 4159 1106 4219 Amstelaedami.
1196 4159 1444 4216 Librum
1487 4159 1839 4216 historicum
1884 4159 2088 4217 edidit.

701 4247 746 4320 2)
836 4244 1186 4303 Theodorus
1219 4263 1255 4300 a
1293 4244 1691 4320 Velthuysen,
1726 4244 2095 4301 Heemstedii
2125 4243 2452 4321 toparcha,
2490 4251 2679 4304 natus

615 4351 668 4391 a.
723 4332 913 4404 1651,
961 4330 1187 4388 amicus
1233 4329 1346 4388 fuit
1392 4330 1636 4386 Graevii
1682 4335 1742 4386 et
1786 4329 2149 4405 Burmanni,
2198 4330 2300 4405 qui
2344 4329 2434 4386 illi
2480 4330 2678 4404 libros

616 4417 1067 4476 dedicaverunt.

705 4499 754 4577 3)
839 4501 913 4560 In
956 4499 1342 4560 Bibliotheca
1383 4498 1794 4576 Lugdunensi.
