2975 5209
1409 519 1491 588 17
1577 600 1615 607 ..

409 736 563 801 gum
623 736 750 781 non.
811 720 1064 801 putatur
1131 716 1236 781 diu
1303 716 1707 791 suffecturum
1754 717 2067 783 violentae
2118 722 2470 783 nostrorum

345 892 352 895 .
409 836 895 923 oppugnationi,
973 836 1088 901 nisi
1135 824 1595 923 pluvium‘hoc
1644 837 1889 905 coelum
1940 842 2001 902 et
2052 837 2464 904 circumfusae

409 956 674 1042 paludes
723 956 1066 1043 impediant
1112 937 1462 1044 pertinaces
1497 964 1769 1023 conatus.
1861 957 1962 1022 De
1997 958 2263 1024 nummis
2302 957 2470 1045 quod

407 1075 820 1162 scripseram,
871 1077 982 1140 illa
1032 1097 1176 1163 spes
1229 1076 1581 1142 decollavit.
1686 1076 1853 1142 Nam
1908 1084 1969 1143 et
2020 1078 2205 1165 pauci
2238 1079 2474 1164 reperti

414 1203 595 1281 sunt,
671 1204 732 1262 et
801 1197 1176 1282 gubernator
1250 1205 1458 1264 noster
1538 1196 1819 1262 Fariaux
1857 1198 1897 1283 ¹)
1966 1199 2299 1286 plerosque
2355 1198 2474 1263 sibi

417 1316 693 1403 con-quiri
751 1316 955 1401 jussit.
999 1383 1007 1388 ,
1055 1316 1291 1382 Postea
1360 1332 1517 1403 opus
1594 1324 1907 1405 coeptum,
1935 1324 2029 1382 est
2080 1317 2161 1382 ad
2210 1319 2473 1383 alterum

419 1436 589 1501 urbis
637 1438 836 1523 latus,
890 1437 988 1501 cui
1036 1458 1155 1523 cgo
1207 1437 1611 1503 custodiendo
1664 1438 1991 1525 aliquoties
2025 1437 2298 1525 praefui,
2358 1439 2472 1506 sed

413 1556 572 1637 nihil
616 1557 742 1622 illic
791 1564 1102 1645 repertum
1149 1564 1398 1644 praeter
1431 1558 1681 1645 antiqua
1718 1550 1945 1624 rudera
1980 1564 2043 1623 et
2071 1557 2472 1626 fundamenta

414 1697 782 1762 magnarum
831 1677 1372 1743 substructionum.
1472 1678 1615 1743 Non
1664 1654 1797 1744 sine
1846 1676 2065 1743 dolore
2116 1678 2469 1766 accepimus

415 1794 662 1861 cladem
711 1819 748 1861 a
798 1796 997 1861 Gallis
1047 1798 1284 1862 illatam
1329 1786 1520 1862 'classi
1568 1804 1818 1863 nostrae
1850 1798 1924 1884 ²),
1977 1796 2087 1863 sed
2124 1798 2327 1864 erexit
2357 1820 2491 1889 nos-¹

409 1937 657 1981 rursum
708 1914 990 2003 Trompii
1039 1917 1302 1984 celebris
1352 1918 1609 1983 victoria
1645 1918 1735 2003 ³),
1788 1918 1841 1981 si
1889 1916 2079 1982 modo
2132 1924 2303 1983 tanta
2351 1926 2464 2005 est,

383 2042 706 2127 -quantam
768 2036 872 2135 hic
920 2035 1250 2101 venditant.
1351 2036 1515 2101 Nob.
1570 2037 1831 2102 Heinsio
1883 2037 2086 2124 prima
2136 2038 2469 2104 occasione

407 2154 825 2251 respondebo
923 2154 1190 2220 Francio
1241 2156 1593 2221 subirascor
1646 2156 1953 2240 nonnihil,
2014 2155 2179 2241 quod
2216 2168 2467 2221 omnem

325 2256 353 2263 „
407 2275 540 2339 mei
605 2274 972 2340 memoriam
1038 2296 1120 2339 ex
1188 2276 1392 2340 animo
1446 2275 1752 2341 delevisse
1802 2275 2107 2340 videatur.
2204 2274 2467 2342 Faciam

410 2380 486 2459 ut
535 2395 688 2461 sciat
735 2403 796 2460 et
843 2415 944 2459 me
995 2395 1282 2460 oblivisci
1329 2416 1536 2481 posse.
1638 2394 1925 2461 Salutant
1974 2395 2067 2460 Te
2101 2395 2371 2483 Bergius
2406 2403 2469 2462 et

407 2514 746 2601 Doppius,
818 2536 934 2579 nec
1001 2536 1123 2580 non
1191 2514 1660 2600 BroekhusiuS,
1730 2516 1833 2601 qui
1888 2521 2071 2600 rogat
2119 2522 2188 2580 ut
2237 2516 2468 2583 amicos

408 2656 628 2699 omnes
677 2655 789 2699 suo
839 2635 1086 2699 nomine
1137 2636 1402 2720 salutes,
1457 2643 1517 2728 et
1566 2636 2039 2722 Zypesteinium
2071 2637 2122 2721 4)
2172 2636 2465 2723 preceris,

403 2776 489 2819 ne
538 2774 808 2842 unquam
856 2776 893 2819 a
941 2756 1120 2841 poesi
1155 2776 1503 2842 quenquam
1550 2753 1799 2841 laudet,
1854 2777 2038 2843 quem
2074 2755 2469 2821 commenda—

403 2880 540 2939 tum
615 2874 781 2939 volet
853 2881 1062 2939 nostro
1126 2873 1422 2939 Tribuno.
1524 2872 1727 2960 Vale,
1797 2876 1883 2939 mi
1937 2875 2203 2961 Graevi‚
2259 2881 2321 2940 et
2366 2896 2469 2939 me

403 3012 622 3061 amare
694 3013 905 3080 perge.
1005 2985 1332 3078 Augustae
1410 2992 1836 3059 Trevirorum.
1902 2996 1989 3059 20
2060 2994 2210 3059 Julii
2265 2982 2500 3059 1676.Ι

1229 3131 1637 3149 Naeswmnrmsm

1423 3211 1482 3271 6.

1053 3340 1242 3403 loanni
1289 3338 1536 3423 Goon-flio
1582 3338 1827 3403 Graevio

1240 3440 1642 3505 Brockbusius.

299 3560 306 3568 ⁶
397 3618 406 3623 -
509 3578 1021 3648 Amstelaedamo
1072 3601 1193 3646 non
1254 3581 1452 3667 magis
1506 3580 1837 3667 quicquam
1889 3580 1969 3645 ad
2020 3600 2163 3645 eum
2196 3590 2289 3645 est
2319 3580 2465 3644 mis-

407 3721 590 3786 sum,
645 3722 827 3787 quam
879 3701 932 3764 si
978 3700 1040 3764 in
1091 3700 1243 3764 vivis
1278 3721 1398 3764 non
1434 3707 1619 3766 esset.
1730 3697 1966 3786 „Apud
1999 3720 2110 3763 nos
2146 3699 2467 3765 alcedonia
2577 3768 2581 3779 ,

515 3852 555 3929 ¹)
642 3856 733 3913 De
777 3831 1076 3923 Fariaux,
1122 3874 1280 3915 unus
1335 3874 1414 3913 ex
1458 3854 1792 3915 illustribus
1815 3854 2103 3930 tribunis,
2136 3854 2239 3931 qui
2261 3854 2467 3913 inillis
2525 3869 2543 3875 “

404 3940 636 4017 iniquis
691 3941 1064 4018 temporibus
1120 3960 1226 4018 pro
1286 3942 1484 4018 patria
1546 3945 1755 3999 nostra
1798 3945 2361 4018 propugnaverunt,
2409 3958 2463 3998 a.

417 4028 584 4085 1673
629 4026 894 4103 praefuit
941 4026 1218 4085 Traiecto
1265 4026 1340 4083 ad
1385 4026 1616 4085 Mosam
1661 4044 1698 4084 a
1743 4024 1937 4084 Gallis
1982 4030 2347 4103 oppugnata

504 4107 556 4185 2)
642 4111 780 4169 Kal.
841 4112 983 4170 Jun.
1045 4111 1264 4171 classes
1321 4111 1595 4170 ordinum
1652 4110 2097 4170 foederatorum
2142 4116 2203 4171 et
2246 4110 2465 4189 Hispa·
2586 4184 2591 4189 ἲ

405 4214 626 4255 norum
672 4196 830 4274 apud
874 4197 1238 4255 Panormum
1283 4215 1320 4255 a
1365 4196 1559 4255 Gallis
1602 4196 1959 4273 profligatae
2004 4202 2164 4256 sunt.

507 4273 555 4354 ³)
643 4282 960 4359 Trompius
1041 4281 1096 4338 d.
1163 4282 1257 4339 XI
1323 4282 1476 4341 Julii
1542 4282 1868 4341 Succorum
1936 4281 2117 4340 classi
2180 4282 2244 4339 in
2310 4281 2464 4339 Mari

402 4366 648 4426 Baltico
694 4366 929 4425 cladem
974 4366 1199 4426 intulit.
1301 4362 1306 4368 ’

503 4448 554 4524 4)
642 4452 829 4511 Evert
858 4470 974 4511 van
1020 4452 1356 4530 Sypesteyn
1390 4453 1863 4531 (1637—1716)
1894 4452 2254 4511 medicinam
2287 4468 2463 4509 exer-

405 4538 592 4597 cebat
635 4538 935 4613 Traiecti,
985 4538 1153 4596 cuius
1197 4538 1366 4597 urbis
1413 4536 1622 4596 consul
1670 4536 1802 4596 fuit.
