2975 5209
1526 513 1657 576 118

568 729 728 796 quae
825 707 1093 774 nondum
1173 715 1551 795 acceperunt
1624 709 1906 772 ultimam
1992 727 2281 793 manum,
2366 708 2631 772 multum

565 828 854 913 polliceri
916 827 1067 891 mihi
1117 827 1400 914 possim”
1445 830 1508 913 ¹).
1564 877 1579 892 .
1635 878 1648 893 .
1695 876 1709 891 .
1768 878 1780 890 .
1840 824 2173 912 „Elegiam
2242 847 2449 891 meam
2510 847 2631 890 non

567 948 956 1034 displicuisse
1005 949 1118 1012 tibi
1163 948 1406 1012 laetor:
1457 949 1519 1010 in
1574 968 1650 1012 ea
1701 947 1754 1010 si
1810 944 1957 1034 quid
2008 947 2429 1032 desideretur,
2486 967 2631 1033 sup-

566 1068 738 1154 pleat
808 1067 1078 1132 studium
1151 1089 1225 1132 ac
1297 1088 1472 1132 amor
1528 1067 1591 1130 in
1648 1073 1711 1131 te
1762 1065 2004 1130 meuS.”
2058 1103 2149 1114 -—
2187 1065 2379 1130 Brevi
2426 1065 2660 1130 mittet'

569 1186 839 1272 elegiam
887 1207 1062 1251 suam
1109 1188 1174 1250 in
1223 1187 1637 1250 vastationem
1684 1185 2071 1249 Palatinatus
2104 1185 2174 1268 ²).
2258 1184 2435 1249 Duas
2469 1185 2625 1250 odas

570 1306 932 1392 conscripsit
977 1307 1036 1370 in
1087 1306 1604 1371 commentarium
1656 1303 1827 1369 Junii
1875 1304 1953 1368 de
2003 1303 2271 1368 Picturis
2319 1310 2623 1389 veterum,

571 1445 770 1512 „quas
819 1425 898 1490 ad
948 1425 1041 1491 01.
1097 1425 1436 1492 Graevium
1487 1426 1779 1512 proximo
1830 1425 2161 1490 tabellario
2216 1445 2351 1488 sum
2404 1424 2626 1488 missu-

568 1564 711 1629 rus,
761 1549 830 1607 ut
876 1543 1233 1610 doctissimo
1277 1546 1452 1630 operi
1502 1544 1697 1630 ipsius
1752 1565 1899 1608 cura
1933 1544 2302 1628 adjiciantur
2334 1545 2403 1628 Ί).
2470 1542 2628 1608 Feci

570 1663 693 1729 hoc
758 1663 1179 1729 satisfacturus
1249 1664 1559 1730 desiderio
1630 1665 1811 1728 amici
1860 1663 2150 1750 Dionysij
2200 1662 2370 1748 Junij
2398 1665 2469 1749 4),
2523 1665 2630 1750 qui

571 1781 692 1846 hoc
742 1803 897 1869 opus
948 1784 1268 1870 propatrui
1317 1785 1413 1846 sui
1465 1783 1939 1847 custodiendum
1988 1781 2243 1868 habuit,
2307 1789 2368 1848 et
2416 1805 2454 1846 a
2504 1805 2627 1869 quo

573 1906 714 1965 ante
788 1921 981 1966 annos
1053 1902 1292 1985 aliquot
1362 1923 1463 1967 me
1530 1903 2007 1966 commendante
2054 1903 2483 1966 transmissum
2533 1908 2651 1988 est·

575 2020 655 2086 ad
735 2019 829 2085 Ol.
885 2021 1290 2087 Graevium.’'
1346 2071 1360 2086 .
1419 2073 1433 2086 .
1488 2072 1503 2087 .
1560 2071 1573 2086 .
1637 2020 1881 2104 „Fama
1930 2026 2026 2084 est
2072 2021 2359 2086 meditari
2408 2028 2469 2086 te
2517 2043 2627 2086 no-

573 2161 716 2204 vam
783 2162 855 2205 ac
907 2142 1248 2205 auctiorem
1296 2140 1671 2206 Poematum
1721 2147 1967 2204 tuorum
2018 2139 2387 2225 editionem,
2441 2160 2632 2226 quam

572 2281 694 2326 non
770 2271 995 2325 vanam
1056 2261 1220 2346 fore,
1298 2282 1478 2347 spem
1548 2260 1700 2325 mihi
1760 2259 1907 2323 facit
1955 2260 2148 2323 multa
2200 2260 2413 2346 copia,
2468 2280 2631 2346 quae

576 2377 839 2442 subinde
893 2379 1218 2445 accessit.”
1275 2420 1363 2429 —-
1414 2379 1599 2444 Hanc
1648 2379 1977 2465 epistolam
2028 2379 2229 2444 tradet
2277 2379 2409 2444 viro
2462 2378 2629 2444 doct.

576 2497 857 2563 Mensoni
882 2497 1103 2584 Alting
1137 2500 1225 2585 ι’);
1270 2500 1378 2564 ille
1404 2504 1693 2586 paratum
1716 2499 1911 2564 habet
1936 2498 2447 2563 commentarium
2479 2519 2631 2584 geo·

579 2617 946 2703 graphicum
1013 2617 1091 2681 de
1157 2618 1383 2705 Belgio
1454 2619 1684 2703 veteri3
1745 2617 2217 2683 Broukhusium
2265 2624 2333 2682 ut
2381 2639 2631 2684 carmen

581 2736 864 2804 elaboret
909 2738 970 2801 in
1021 2759 1163 2804 eum
1213 2739 1441 2803 librum
1492 2744 1686 2824 rogat.
1760 2737 2253 2803 Commentarius
2303 2737 2635 2803 chronolo-

581 2855 756 2942 gicus
805 2854 1068 2942 Altingii
1117 2858 1303 2921 etiam
1351 2857 1672 2921 absolutus
1724 2862 1833 2920 est.

679 2973 890 3040 Gron:
942 2975 1004 3040 in
1054 2976 1232 3040 Fris:
1284 2975 1460 3040 VIII.
1515 2975 1718 3063 Marty
1768 2965 2323 3044 OIO.10.GXOIV.

677 3265 722 3342 ¹)
809 3257 1165 3345 Mensing'ae
1210 3267 1480 3325 carmina
1521 3286 1643 3326 non
1690 3270 1829 3325 sunt
1872 3266 2148 3326 collecta.

672 3365 723 3444 2)
812 3368 920 3428 Est
952 3386 1193 3426 carmen
1219 3388 1232 3425 ε
1279 3368 1500 3444 Eleyia
1534 3370 1605 3426 de
1636 3366 2037 3444 Heidelberya
2071 3369 2267 3426 deleta
2299 3375 2355 3425 et
2386 3374 2643 3428 vastata

585 3455 972 3513 Palatinatu.

674 3552 723 3630 ³)
811 3555 990 3613 Anno
1055 3557 1218 3613 1694
1280 3555 1575 3614 Graevius
1637 3553 1854 3613 edidit:
1916 3554 2242 3613 Francisci
2295 3555 2515 3630 Junii,
2562 3554 2641 3614 F.

585 3642 692 3716 F„
742 3643 816 3700 de
862 3641 1121 3698 Pictura
1180 3640 1455 3699 Veterum
1504 3641 1653 3698 libri
1699 3647 1855 3714 tres·‚
1904 3646 1991 3698 tot
2037 3641 2102 3698 in
2149 3641 2299 3700 locis
2341 3643 2648 3700 emendati

587 3734 640 3785 et
696 3733 821 3784 tam
863 3726 1072 3783 multis
1121 3727 1569 3785 accessionibus
1618 3727 1813 3800 aucti,
1877 3731 1945 3782 ut
1981 3726 2173 3801 plane
2217 3728 2357 3784 novi
2389 3729 2647 3803 possint

587 3812 793 3870 videri
837 3853 850 3866 .
900 3854 912 3867 .
1027 3813 1306 3889 ‚Haqae
1352 3810 1667 3870 Comitum.

676 3907 726 3986 4)
813 3911 1138 3989 Dionysius
1182 3912 1402 3971 Junius
1449 3918 1583 3972 erat
1627 3913 1787 3972 filius
1828 3912 2137 3971 Francisci
2182 3911 2383 3987 Junii,
2428 3911 2533 3989 qui
2575 3913 2647 3972 in

585 3977 920 4056 Academia
985 3997 1381 4076 Groningana
1447 3999 1523 4056 ab
1571 4017 1730 4057 anno
1782 3999 1940 4056 1651
1991 3997 2066 4056 ad
2119 4000 2279 4056 1666
2325 3997 2647 4058 scientiam

585 4084 732 4142 iuris
775 4082 1191 4161 profitebatur

675 4182 727 4260 ⁵)
815 4185 1024 4244 Menso
1089 4185 1306 4262 Alting
1375 4187 1852 4262 (1637-1713)
1922 4204 1976 4244 a.
2044 4187 2202 4242 1678
2264 4188 2541 4259 senator,
2586 4203 2645 4244 a.

595 4273 755 4330 1686
820 4271 1027 4330 consul
1073 4271 1188 4330 fuit
1234 4271 1407 4329 urbis
1455 4271 1825 4349 Groningae.
1916 4271 2146 4329 Auctor
2191 4275 2281 4330 est
2322 4270 2647 4329 librorum:

590 4358 945 4434 Descriptio
993 4359 1319 4418 secundum
1369 4358 1658 4434 antiquos
1708 4358 1848 4433 ayri
1894 4357 2126 4414 Batavi
2171 4362 2224 4413 et
2257 4356 2484 4430 Frisii,
2516 4356 2651 4414 sive

589 4443 830 4502 Notitia
877 4442 1242 4501 Germaniae
1273 4441 1615 4517 Inferioris
1648 4443 1885 4517 (1697),
1919 4448 1980 4500 et
2010 4441 2361 4517 Descriptio
2394 4440 2651 4500 Fri-siae

587 4531 754 4589 inter
800 4527 1044 4588 Scaldis
1080 4535 1337 4606 portum
1387 4534 1639 4586 veterem
1686 4533 1739 4584 et
1785 4527 2087 4585 Amisiam
2132 4526 2365 4603 (1701).
