2975 5209
1544 468 1675 534 124

579 671 642 729 et
742 663 1126 729 obtrectandi
1199 664 1518 730 libidinem
1592 668 2030 753 reprimemus,
2131 665 2286 731 Mihi
2354 666 2652 753 equidem

584 782 1016 847 defensoribus
1095 784 1407 868 ejusmodi
1481 792 1543 850 et
1600 787 1784 851 sociis
1834 795 2047 852 contra
2097 807 2484 851 communem
2538 784 2655 849 ad-

579 903 921 967 versarium
999 904 1277 989 inprimis
1355 913 1450 969 est
1499 927 1677 992 opus,
1762 907 1946 980 Quod
1996 908 2050 970 si
2098 908 2299 972 obiter
2342 929 2459 993 per
2503 927 2656 972 eam

583 1023 971 1087 occasionem
1075 1022 1284 1088 facere
1359 1025 1738 1090 mentionem
1809 1027 2209 1092 honorificam
2282 1034 2342 1090 et
2411 1025 2657 1089 Herois

580 1141 1116 1226 Danckelmanni‚
1200 1144 1299 1206 cui
1360 1143 1480 1207 hoc
1532 1166 1714 1209 omne
1764 1146 2068 1209 militatur
2114 1145 2387 1228 bellum,
2439 1144 2499 1207 in
2551 1143 2654 1228 ip-

581 1262 707 1324 sius
755 1262 1018 1346 gratiam
1041 1263 1159 1346 (Ρ),
1215 1270 1274 1326 et
1323 1263 1564 1329 Poetae
1614 1263 1901 1348 Besseri‚
1962 1265 2065 1351 qui
2116 1265 2253 1349 ejus
2302 1263 2653 1348 imaginem

527 1406 532 1411 ·
583 1380 923 1465 expressit,
978 1381 1037 1443 in
1089 1382 1361 1445 animum
1406 1383 1752 1469 induxeris,
1808 1392 2173 1470 pergratum
2205 1382 2357 1446 mihi
2388 1381 2647 1466 feceris,

581 1498 888 1585 simulque
939 1499 1016 1564 de
1065 1507 1332 1588 utroque
1380 1503 1631 1566 illorum
1678 1503 1838 1568 bene
1888 1501 2278 1567 merebere.”

679 1616 956 1701 Trajecti
1025 1620 1434 1684 Batavorum.
1491 1643 1543 1684 a.
1600 1621 1657 1685 d.
1714 1621 1875 1688 XIII
1924 1622 2077 1687 ‚Iulii
2127 1618 2649 1686 CIOIOOXOIV.

1403 1767 1809 1783 υαἬΓἉἉΝΜΓΆἉΙΝ

1500 1871 1631 1933 100
1672 1871 1733 1953 ¹).

1347 1985 1485 2048 lano
1531 1985 1885 2050 Broukhusio

1369 2096 1404 2159 Ι.
1451 2096 1510 2159 F.
1557 2096 1880 2161 Cramer-ue.

684 2221 1122 2288 Broukhusius
1159 2247 1280 2290 non
1314 2229 1661 2314 respondit3
1716 2228 2063 2314 suspicatur
2092 2226 2279 2312 igitur
2312 2223 2655 2287 Oramerus

591 2340 823 2405 litteras
887 2345 1241 2429 superiores
1292 2368 1412 2410 non
1467 2348 1546 2411 ad
1599 2369 1738 2412 eum
1789 2347 2061 2433 perlatas
2112 2366 2268 2410 esse.
2368 2341 2519 2406 Alia
2568 2341 2653 2404 de

592 2464 813 2528 eadem
880 2485 964 2529 re.
1067 2465 1248 2543 „Nec
1299 2467 1546 2552 dubito,
1610 2468 1751 2553 quin
1802 2466 1917 2530 Vir
1962 2466 2421 2530 Illustrissimus
2471 2462 2651 2528 Dan-

592 2582 993 2646 ckelmannus
1057 2585 1193 2670 ipse
1265 2585 1342 2647 sit
1415 2585 1547 2649 Vos
1619 2607 1694 2649 ea
1744 2586 1821 2649 de
1871 2607 1937 2649 re
1989 2585 2282 2649 certiores
2331 2584 2645 2666 facturus,

595 2722 733 2766 cum
783 2723 1027 2766 summa
1076 2704 1169 2766 sui
1225 2725 1374 2789 erga
1422 2703 1555 2769 Vos
1606 2705 1792 2768 studii
1847 2705 2328 2789 significatione,
2381 2703 2652 2767 simulac

595 2823 812 2886 vestris
852 2831 1223 2908 provocatus
1277 2825 1495 2888 litteris
1546 2825 1953 2908 intellexerit,
2010 2847 2046 2888 a
2093 2845 2195 2886 me
2244 2824 2305 2886 in
2338 2821 2647 2886 tradendo

593 2941 771 3005 vobis
819 2943 1184 3006 munusculo
1232 2943 1540 3030 Principis
1576 2967 1697 3008 non
1732 2945 2117 3029 negligenter
2152 2941 2646 3006 administratum

594 3062 862 3126 officium
914 3059 1115 3126 esse.”
1148 3112 1515 3126 ......
1570 3062 1795 3141 „Oden
1847 3062 2166 3127 Commirii
2202 3063 2274 3145 2),
2327 3080 2513 3147 quam
2565 3059 2649 3122 ad

595 3179 926 3244 Francium
966 3182 1142 3266 misi,
1199 3181 1424 3246 vidisse
1475 3181 1569 3246 Te
1607 3190 1776 3266 puto.
1878 3181 2151 3265 Elegans
2188 3187 2375 3244 estet
2409 3180 2645 3263 graviS‚

593 3299 710 3363 nisi
777 3301 941 3386 quod
1009 3300 1270 3364 Poetam
1333 3308 1393 3364 et
1443 3300 1697 3364 Gallum
1748 3309 1808 3365 et
1857 3301 2162 3365 Jesuitam
2214 3321 2351 3364 esse
2400 3300 2501 3362 vel
2551 3300 2651 3385 ip-

597 3442 734 3483 sum
825 3429 1258 3506 argumentum
1345 3431 1404 3484 et
1492 3421 1676 3506 totius
1762 3420 2029 3490 *instituti
2120 3419 2276 3483 ratio
2354 3417 2651 3481 declarat.

596 3539 804 3624 Digna
854 3561 1000 3604 vero
1052 3547 1256 3603 vestro
1306 3540 1553 3624 ingenio
1604 3539 1943 3624 palaestria
1992 3539 2178 3622 foret,
2230 3539 2284 3602 si
2332 3537 2655 3602 hominem

594 3659 1139 3722 insolentissimum
1207 3669 1267 3722 et
1341 3659 1399 3721 in
1472 3657 1717 3743 Anglos
1766 3658 2119 3722 foederatos
2167 3658 2376 3743 inepte
2426 3655 2656 3719 debac-

599 3779 886 3842 chantem
953 3780 1173 3843 vestris
1224 3779 1601 3842 carminibus
1652 3777 2137 3863 reprimeret.iS.”
2190 3828 2203 3840 .
2258 3827 2271 3841 .
2328 3826 2341 3839 .
2397 3824 2410 3838 .
2467 3774 2656 3859 „Sig-

597 3899 864 3962 nificavit
937 3899 1086 3961 mihi
1165 3897 1548 3962 Wetstenius
1624 3904 1873 3981 noster,
1957 3897 2339 3960 intellexisse
2412 3915 2551 3958 sese
2618 3916 2657 3957 a

599 4017 903 4102 Francio‚
972 4017 1064 4081 Te
1116 4017 1265 4080 mihi
1315 4017 1560 4080 misisse
1607 4037 1869 4102 poema,
1924 4016 2087 4101 quod
2138 4022 2349 4079 contra
2397 4013 2654 4077 Bouhu-

601 4139 798 4222 rium,
887 4137 1491 4223 impudentissimum
1580 4136 1922 4199 communis
2001 4135 2265 4197 nominis
2347 4133 2656 4196 obtrecta-

692 4309 733 4380 1)
822 4307 894 4365 In
938 4307 1322 4366 Bibliotheca
1365 4305 1777 4382 Lugdunensi.

688 4395 733 4467 2)
823 4393 978 4452 Jean
1059 4392 1358 4450 Gommire
1435 4393 1945 4466 (1625-1702),
2014 4409 2046 4448 e
2113 4390 2404 4448 societate
2469 4389 2651 4462 Jesu,

611 4479 855 4538 vivebat
915 4478 1212 4536 Lutetiae.
1307 4476 1749 4535 Celeberrimus
1793 4477 1906 4535 fuit
1947 4480 2129 4554 poeta.
2170 4475 2437 4534 Latinus,
