2975 5209
1489 433 1620 496 104

481 667 493 685 2
536 627 834 713 tiquitatis
884 629 1157 714 reperire
1208 635 1302 691 est
1348 629 1412 691 in
1461 627 1977 692 Roterodamensi
2014 627 2328 692 Petronio,
2362 611 2603 690 Omnia

537 767 779 831 macra,
863 747 1122 831 misera,
1201 768 1505 830 exsucca,
1584 747 1941 831 exsanguia.
2044 746 2128 810 Et
2203 749 2409 811 mirus
2482 748 2609 810 ille

541 867 691 950 styli
717 866 990 950 candor,
1024 887 1209 953 quem
1237 873 1565 951 tantopere
1594 865 1865 931 venditat
1888 865 2197 931 Nodotius
2221 867 2283 928 in
2306 866 2605 952 epistola,

539 985 647 1048 ubi
721 986 867 1049 est?
942 984 1140 1070 Quid,
1216 986 1382 1073 quod
1438 987 1723 1072 plurimis
1774 987 1832 1050 in
1882 988 2036 1050 locis
2087 985 2336 1050 affectat
2384 985 2605 1049 nescio

541 1125 726 1191 quem
798 1105 1418 1190 Tragurianismum?
1487 1108 1815 1170 immemor
1872 1107 2008 1169 istic
2058 1106 2264 1169 induci
2310 1095 2609 1169 homines

544 1222 866 1288 libertinos
917 1245 988 1287 ac
1037 1224 1285 1289 sordide
1335 1232 1552 1310 natos,
1610 1246 1787 1288 suum
1841 1246 1981 1289 vero
2011 1225 2357 1311 Encolpion
2384 1225 2609 1288 literas

545 1341 828 1427 doctum,
883 1348 944 1408 et
1000 1343 1249 1429 ingenui
1304 1346 1617 1430 sanguinis
1644 1347 1958 1429 juvenem.
2000 1343 2177 1416 Quae
2202 1345 2613 1408 tumultuaria

541 1461 805 1526 lectione
891 1463 1252 1548 observavi,
1329 1465 1387 1527 *n
1463 1465 1774 1528 chartulas
1826 1466 2093 1548 conjeci,
2150 1472 2211 1528 et
2252 1465 2385 1548 jam
2438 1485 2613 1527 nunc

547 1579 693 1645 Tibi
741 1583 938 1648 mitto.
1000 1583 1141 1648 Non
1191 1605 1374 1668 sane,
1427 1584 1513 1647 mi
1565 1583 1827 1664 G-raevi,
1880 1585 2051 1670 quasi
2089 1605 2206 1669 ego
2232 1583 2285 1648 is
2311 1585 2447 1667 sim,
2497 1585 2613 1669 qui

543 1698 844 1785 indagare
899 1702 1233 1788 quidquam
1284 1704 1529 1768 valeam
1580 1703 1742 1788 quod
1795 1714 1855 1768 te
1904 1704 2133 1788 fugiat,
2193 1713 2251 1767 te
2309 1705 2605 1788 inquam,

548 1821 850 1905 optimum
901 1823 1027 1885 imo
1077 1824 1326 1886 unicum
1377 1823 1694 1887 literarum
1742 1832 2087 1888 nostrarum
2118 1823 2449 1906 arbitrum,
2486 1823 2611 1886 sed

547 1945 616 2002 ut
651 1939 955 2024 dispicias
1007 1961 1117 2026 an,
1172 1962 1330 2026 quae
1382 1941 1710 2027 displicent
1735 1943 2171 2026 mihi‚merito
2200 1942 2607 2028 displiceant,

545 2061 679 2120 tum
723 2064 796 2122 ut
846 2066 1083 2123 constet
1136 2061 1304 2146 apud
1356 2068 1414 2124 te
1449 2062 1602 2126 ratio
1637 2061 1989 2146 diligentiae
2025 2083 2221 2125 meae.
2251 2060 2507 2124 Utinam
2538 2069 2608 2125 tu

553 2177 753 2241 velles
807 2199 1135 2262 personam
1189 2180 1514 2245 detrahere
1565 2163 1842 2258 histrioni
1890 2188 2015 2244 tam
2064 2182 2337 2265 inficeto,
2378 2201 2450 2244 ac
2481 2181 2607 2245 isto

555 2297 782 2381 insigni
830 2297 1132 2362 beneficio
1184 2299 1493 2364 demereri
1543 2322 1674 2364 rem
1726 2301 2085 2365 literariam!
2141 2299 2324 2365 Certe
2349 2301 2611 2364 interest

552 2415 973 2481 studiosorum
1024 2418 1328 2504 omnium,
1381 2441 1458 2483 ne
1493 2420 1675 2482 latius
1710 2429 2024 2504 grassetur
2046 2422 2164 2483 ista
2188 2419 2403 2506 postia,
2442 2439 2610 2504 quae

555 2557 670 2621 pro
722 2536 886 2601 veris
935 2557 1012 2601 ac
1061 2539 1340 2622 genuinis
1392 2544 1671 2602 veterum
1722 2540 2091 2624 scriptorum
2141 2538 2313 2601 libris
2355 2538 2607 2601 chartas

555 2675 700 2718 suas
757 2657 1294 2722 concacatissimas
1345 2658 1619 2722 obtrudit
1660 2660 1983 2743 juventuti.
2024 2648 2255 2722 Totum
2280 2657 2611 2721 artificium

557 2795 737 2838 suum
814 2776 1019 2839 hausit
1082 2797 1161 2840 ex
1231 2779 1570 2862 praeludiis
1622 2777 1903 2842 Gonsalii
1949 2777 2218 2864 Hispani
2237 2778 2299 2862 ¹).
2402 2774 2611 2848 Quem

552 2895 744 2959 fuisse
804 2901 1048 2980 oportet
1095 2895 1406 2961 hominem
1453 2898 1636 2962 valde
1672 2898 1971 2982 divinum3
2008 2919 2151 2960 nam
2179 2917 2613 2982 quaecumque

557 3014 726 3101 apud
779 3036 920 3080 eum
970 3017 1231 3080 lacunae
1281 3017 1380 3081 vel
1430 3023 1570 3080 sunt
1619 3018 1941 3102 expletae,
1994 3018 2097 3081 vel
2147 3038 2269 3079 una
2291 3016 2613 3100 alteraque

558 3155 716 3200 voce
787 3135 1016 3200 inserta
1089 3136 1177 3199 sic
1249 3137 1428 3222 quasi
1498 3137 1882 3202 commodius
1933 3137 2298 3222 colligatae,
2351 3156 2458 3199 eas
2507 3135 2614 3199 hic

559 3253 944 3318 suaviludius
990 3255 1051 3318 in
1103 3275 1216 3318 suo
1266 3256 1372 3320 illo
1422 3257 1744 3342 praeclaro
1797 3257 2010 3320 codice
2060 3245 2293 3320 invenit
2323 3257 2500 3340 tales,
2530 3277 2613 3320 ne

558 3394 682 3438 uno
735 3373 989 3459 quidem
1039 3374 1216 3460 apice
1263 3375 1605 3440 immutato.
1661 3375 1821 3439 Tum
1873 3397 2033 3462 quae
2061 3377 2381 3440 doctorum
2407 3375 2609 3439 homi·
2700 3427 2707 3433 .

557 3513 708 3557 num
760 3493 1038 3575 εὐστοχία
1087 3493 1376 3559 formavit
1442 3497 1501 3558 in
1571 3497 1819 3578 meliUS,
1875 3517 1949 3559 ea
1998 3517 2245 3581 quoque
2294 3516 2413 3558 non
2464 3515 2610 3559 raro

559 3615 989 3680 corroboravit
1081 3615 1414 3678 auctoritas
1510 3615 1649 3678 libri
1722 3615 2166 3701 pretiosissimi.
2266 3615 2351 3678 Et
2402 3621 2610 3679 tamen

560 3733 820 3799 Criticos
893 3735 1378 3819 superciliosam
1448 3742 1689 3820 yentem
1758 3741 1963 3820 vocat,
2018 3735 2304 3798 nimirum
2353 3735 2613 3798 humani

560 3854 797 3941 aliquid
864 3875 1086 3940 passus
1163 3855 1254 3919 vir
1327 3855 1405 3918 ab
1481 3855 1647 3918 omni
1722 3854 1932 3918 critica
1962 3866 1967 3872 '
2003 3855 2186 3919 valde
2259 3855 2606 3918 destitutus.

560 3973 843 4038 Verbum
931 3996 1051 4040 non
1119 3973 1398 4058 -addam,
1489 3975 1575 4037 mi
1663 3975 1867 4038 Pater.
1911 3977 1928 3992 ‘
1968 3974 2035 4038 Si
2124 3975 2270 4060 quid
2342 3975 2406 4038 in
2466 3995 2611 4040 eum

815 4125 967 4133 -ι

660 4186 702 4263 ¹)
790 4189 863 4246 A.
945 4191 1103 4246 1629
1178 4187 1562 4246 Francofurti
1632 4187 1986 4265 prodierunt
2054 4187 2473 4264 supplementa
2538 4185 2619 4244 ad

561 4275 914 4334 Petronium
974 4293 1007 4332 e
1065 4292 1307 4332 musaeo
1369 4273 1621 4351 Josephi
1680 4273 1930 4331 Antonii
1985 4273 2258 4331 Gonsalii
2304 4272 2378 4330 de
2423 4271 2616 4330 Salas

561 4361 800 4420 Nomen
859 4359 972 4420 viri
1029 4359 1224 4434 illius,
1290 4360 1391 4435 qui
1449 4359 1610 4417 viros
1670 4359 1875 4417 doctos
1933 4359 2146 4416 fallere
2191 4363 2444 4416 conatus
2490 4361 2619 4428 est,

564 4446 789 4529 legitur
833 4451 1068 4506 tantum
1113 4446 1176 4503 in
1220 4445 1701 4524 praefationibus
1748 4444 1822 4502 ad
1860 4444 2227 4504 Petronium.
