2975 5209
1562 495 1689 557 106

1425 689 1817 756 LXXXVII.

1231 863 1428 927 loanni
1475 860 1723 941 Geor-nio
1770 859 2012 923 Graevio

1317 975 1485 1038 lanus
1532 970 1933 1039 Broukhusius.

691 1139 836 1203 Tibi
931 1161 1050 1204 non
1148 1140 1537 1226 displicuisse
1637 1161 1841 1204 meam
1940 1140 2323 1224 versionem,
2414 1142 2651 1224 optime

597 1256 865 1342 Graevi,
919 1257 1102 1323 valde
1151 1260 1461 1325 exhilarat
1512 1260 1787 1323 animum
1836 1280 2081 1342 meum,
2136 1280 2253 1323 non
2296 1275 2447 1323 sane
2482 1259 2649 1345 quod

596 1382 745 1446 tanti
829 1389 1041 1468 putem
1118 1382 1398 1448 laborem
1469 1401 1807 1466 paucarum
1886 1380 2214 1462 horarum,
2296 1379 2406 1442 sed
2486 1379 2650 1465 quod

593 1502 842 1587 plurimi
937 1503 1104 1588 apud
1201 1524 1302 1568 me
1397 1504 1476 1565 sit
1552 1500 1863 1585 judicium
1948 1507 2119 1563 tuum
2200 1520 2342 1563 acre
2422 1499 2652 1562 summi

595 1621 1040 1708 elegantiarum
1127 1623 1534 1708 spectatoris,
1628 1627 1688 1684 et
1777 1640 1956 1683 amor
2036 1640 2185 1703 erga
2266 1639 2367 1682 me
2446 1618 2651 1682 indul-

595 1740 1006 1824 gentissimus.
1135 1740 1259 1827 Egi
1357 1763 1498 1806 cum
1602 1738 1987 1823 Wolfgango
2070 1739 2248 1802 sicuti
2323 1740 2647 1824 jusseras3

593 1858 646 1922 is
717 1860 1156 1947 rescripturum
1219 1882 1407 1947 super
1455 1860 1711 1944 singulis
1762 1858 2077 1943 promisit,
2134 1867 2192 1922 et
2244 1858 2651 1921 remissurum

596 2000 721 2044 una
812 1979 1093 2045 libellum
1188 1979 1519 2044 Gallicum.
1618 1978 1759 2064 Ego
1865 2000 2059 2063 nuper
2134 1977 2396 2062 Hagae,
2477 1978 2647 2063 quod

597 2097 852 2182 nollem,
931 2119 1150 2164 caussa
1222 2099 1457 2183 cecidi,
1512 2104 1573 2162 et
1632 2099 1779 2162 vicit
1829 2120 1969 2163 mea
2016 2097 2185 2163 Dido
2220 2100 2281 2180 ¹).
2335 2097 2462 2162 Sed
2511 2100 2650 2182 jam

594 2225 997 2304 provocatum
1050 2229 1141 2283 est
1191 2219 1270 2284 ad
1321 2218 1618 2283 Senatum
1668 2240 2044 2304 supremum.
2099 2218 2224 2282 Vbi
2277 2218 2649 2302 Trajectum

595 2357 855 2422 venere,
927 2337 1411 2403 deliberabimus
1487 2338 1753 2425 amplius
1831 2338 1907 2402 de
1976 2336 2265 2402 remediis
2332 2338 2423 2400 illi
2478 2340 2648 2402 malo

595 2453 960 2520 adhibendis
996 2457 1062 2542 2).
1117 2456 1243 2522 Vbi
1277 2477 1504 2522 venero
1534 2506 1549 2541 ,
1586 2458 1835 2542 inquam
1865 2479 1879 2519 :
1928 2462 2049 2519 stat
2084 2457 2244 2520 enim
2282 2463 2343 2520 et
2375 2455 2646 2520 Francio

596 2580 655 2640 et
729 2573 880 2640 mihi
955 2575 1240 2660 (fortasse
1310 2575 1495 2640 ctiam
1546 2576 1960 2658 Marsevenio)
2012 2577 2187 2640 brevi
2237 2576 2353 2641 iter
2403 2576 2485 2640 ad
2537 2553 2683 2641 vos·

593 2711 936 2780 capessere.
1057 2693 1309 2759 Interim
1406 2706 1464 2760 te
1565 2696 1826 2760 obsecro
1904 2705 1967 2759 ut
2047 2706 2249 2759 tecum
2340 2696 2649 2782 dispicere

595 2811 787 2893 velis,
839 2833 982 2876 num
1035 2834 1220 2899 quem
1271 2814 1406 2878 istic
1456 2817 1724 2880 amicum
1758 2815 2029 2899 habeas,
2086 2817 2179 2879 cui
2218 2816 2651 2879 commendari

591 2931 788 3018 possit
859 2951 1113 2996 caussae
1164 2953 1341 2998 meae
1393 2935 1688 3019 aequitas
1792 2934 1931 2998 Non
1984 2941 2077 3000 est
2128 2941 2331 2998 tamen
2391 2956 2501 2998 cur
2555 2937 2645 2997 ni-

593 3049 786 3114 mium
856 3050 916 3114 in
986 3071 1067 3118 ea
1137 3073 1204 3117 re
1276 3053 1655 3117 festinemus.
1760 3053 1859 3116 Tu
1932 3054 2111 3138 vale,
2166 3055 2249 3117 mi
2300 3053 2527 3138 Pater,
2584 3060 2647 3116 et

591 3168 1057 3238 Broukhusium
1105 3181 1277 3237 tuum
1327 3193 1816 3258 amare-perge,
1871 3173 2038 3259 quod
2092 3180 2151 3237 te
2206 3173 2415 3237 facere
2465 3175 2645 3237 unice

594 3289 864 3376 gaudee.

687 3407 1160 3476 Amstelodami.
1217 3413 1300 3476 23
1355 3411 1608 3498 Aprilis.
1672 3414 1868 3476 1693.

1419 3631 1515 3648 Q&
1522 3631 1572 3648 ‘ux
1578 3631 1599 3647 ⁸.
1605 3631 1743 3647 &xxxa-xx
1749 3633 1824 3646 xxx

695 3825 735 3899 Ι)
786 3829 895 3888 ·1).
925 3831 1078 3890 XIII
1129 3832 1330 3892 Martii
1385 3837 1541 3892 1093
1600 3835 1763 3892 curia
1812 3835 2171 3892 Ilollandiae
2196 3835 2475 3892 iudicium
2502 3833 2647 3892 feeit

593 3913 974 3976 Broukhnsio
1049 3917 1108 3976 in
1177 3919 1454 3994 pactione
1520 3920 1778 3996 nuptiali
1842 3921 2205 3978 manendum
2272 3939 2403 3978 esse
2450 3920 2643 3993 (videt

596 3999 692 4060 Do
742 3999 1228 4062 Sederlamae’svhe·
1277 4005 1627 4080 sputamen
1682 4007 1873 4067 1881.
1918 4025 2055 4083 pag.
2108 4009 2271 4079 403).

683 4081 734 4149 ’ἢ
825 4087 944 4146 Ros
1003 4085 1107 4146 illa
1165 4107 1298 4148 oum
1361 4092 1516 4148 [voitu
1584 4091 1779 4166 gratia
1836 4092 2163 4168 compositu
2211 4111 2340 4148 esse
2384 4091 2641 4148 ridetur.

593 4169 748 4230 Nam
807 4171 866 4230 in
927 4171 1081 4232 libro
1129 4191 1308 4234 maun
1353 4175 1609 4252 scripto.
1668 4176 1769 4252 qui
1818 4179 2087 4234 continet
2132 4177 2355 4234 iudicia
2399 4183 2645 4235 senatus

595 4257 888 4334 supremi,
957 4257 1034 4316 de
1099 4261 1365 4324 actione.
1427 4279 1606 4336 quam
1654 4261 1925 4319 Susanna
1976 4262 2355 4320 Broukhusio
2398 4263 2641 4335 intulit,

593 4341 746 4400 nihil
805 4343 1070 4420 repperit
1117 4345 1224 4404 vir
1269 4345 1438 4404 noct.
1487 4345 1543 4404 «I.
1594 4345 1922 4408 ’sitoniam
1972 4349 2073 4422 qui
2120 4347 2386 4405 maxima
2430 4349 2641 4405 huma-

593 4425 786 4488 nitate
853 4427 1153 4487 desiderio
1219 4449 1352 4489 mco
1421 4431 1796 4490 satisfaciens
1862 4431 1937 4490 de
2002 4433 2117 4492 hae
2160 4451 2225 4490 rc
2270 4434 2333 4490 in
2380 4431 2640 4492 Archivo

593 4511 968 4592 reipublicae
1011 4520 1256 4576 nostrae
1299 4515 1627 4594 inquisivit.
