2975 5209
1427 490 1509 553 21

431 704 552 771 pro
629 684 864 749 incerto
949 684 1436 751 emolumentum
1518 685 1859 753 desereres,
1982 686 2051 753 Si
2126 693 2333 759 tamen
2394 696 2501 756 aut

435 825 633 889 nunc,
711 810 816 867 aut
880 804 1030 868 olim
1078 804 1260 869 aliter
1309 826 1567 892 censes,
1649 812 1803 893 puto
1855 829 1977 875 non
2025 808 2231 873 invitis
2281 810 2498 895 gratiis

433 930 498 987 te
573 921 777 987 ordini
842 930 1052 987 nostro
1123 924 1557 989 accessurum”
1591 974 1606 990 .
1641 974 1657 989 .
1690 974 1749 991 ..
1810 904 2051 1013 „Vale‚
2127 927 2493 1015 fraternale,

435 1048 500 1107 et
549 1064 649 1107 me
699 1063 910 1131 amare
958 1043 1221 1130 perge.'’

540 1160 750 1227 Tertio
801 1161 1067 1232 Kalend.
1119 1162 1298 1229 Mart.
1362 1160 2083 1249 OIOIOOLXXVII.
2132 1144 2496 1233 ¹Amstelo-

437 1282 626 1347 dami.

1259 1456 1671 1475 mwfsm

1421 1559 1504 1624 X.

1070 1726 1260 1791 loanni
1307 1725 1554 1809 Geor-nio
1602 1727 1844 1793 Graevlo

1222 1830 1228 1837 ’
1256 1837 1659 1903 Broekhusius.

528 1976 701 2051 Nihil
767 1978 923 2043 mihi
992 1979 1229 2064 gratius
1281 1977 1814 2065 accidere·potuit
1860 1979 2053 2044 literis
2103 1980 2261 2066 tuis,
2340 1978 2493 2065 quas
2572 2040 2577 2045 .

431 2098 779 2175 crebriores
825 2120 1148 2184 urgerem,
1203 2100 1318 2163 nisi
1369 2104 1430 2163 te
1465 2100 1687 2164 scirem
1722 2099 2073 2164 utilioribus
2108 2100 2268 2165 curis
2303 2099 2499 2164 horas'

427 2229 568 2305 tuas
659 2218 908 2283 debere.
1019 2218 1324 2291 Quocirca
1405 2218 1589 2283 facile
1664 2219 1745 2283 ad
1822 2219 2267 2284 cessationem'
2307 2218 2492 2285 istam

427 2338 732 2402 conniveo
756 2338 881 2424 (Ρ),
936 2344 996 2402 et
1049 2338 1099 2401 si
1151 2338 1298 2423 quid
1345 2312 1505 2403 forte
1555 2358 1593 2401 a
1644 2344 1705 2405 te
1756 2338 2029 2425 accipio,
2082 2339 2145 2404 id
2196 2361 2377 2407 omne
2424 2344 2486 2409 in

422 2459 602 2523 lucro
670 2450 954 2544 deputo.¹
1027 2455 1445 2544 speraveram
1497 2458 1785 2544 equidem
1834 2479 1935 2523 me
1988 2458 2149 2523 hanc
2197 2459 2491 2547 hyemem

427 2600 571 2644 cum
655 2577 1140 2691 jucundissimis¹
1231 2578 1443 2642 amicis
1533 2576 1994 2644 Amstelodami
2072 2600 2145 2645 ac
2218 2557 2495 2666 Trajecti

427 2704 795 2764 exacturum
867 2698 1096 2783 fuisse,
1167 2718 1382 2763 verum
1433 2696 1606 2762 nullo
1658 2698 1847 2764 modo
1900 2698 2259 2764 discedendi
2306 2701 2494 2766 licen-

421 2818 581 2881 tiam·
629 2818 967 2903 impetrare
1020 2817 1234 2903 potui,
1290 2839 1480 2905 porro
1533 2824 1739 2883 antem
1789 2818 1984 2883 multo
2016 2818 2217 2905 minus
2251 2825 2489 2907 potero.

424 2937 679 3007 Interea
749 2921 886 3002 lusi'
949 2960 1069 3003 non
1146 2937 1298 3001 nihil
1372 2958 1488 3024 per
1564 2937 1794 3023 otium,
1873 2937 2063 3025 (quod
2112 2960 2261 3005 sane
2309 2940 2494 3005 valde
2572 2938 2581 2943 ’
2672 2926 2678 2933 ’

427 3056 747 3122 turbidum
806 3065 938 3143 est;
1011 3059 1169 3123 ultro
1224 3059 1387 3121 enim
1437 3058 1714 3145 citroque
1765 3041 2039 3143 quotidie
2089 3057 2365 3125 discurro
2416 3060 2497 3125 ad

427 3177 909 3243 conscribendos
984 3198 1180 3243 novos
1249 3178 1503 3261 milites)
1579 3177 1767 3264 idque
1816 3176 2277 3243 Amstelodami
2326 3179 2512 3267 apud·

425 3296 763 3386 Francium
835 3297 1095 3363 videbis.
1195 3296 1508 3362 Mitterem
1580 3304 1643 3361 et
1691 3296 1842 3382 tibi,
1899 3297 1953 3361 si
2008 3298 2161 3361 tanti
2209 3304 2495 3384 putarem
2548 3340 2552 3344 «

423 3423 495 3481 ut
561 3418 776 3482 oculos
827 3424 966 3481 tuos
1018 3424 1383 3482 moraretur.
1484 3416 1585 3483 De
1635 3415 1840 3481 Slatio
1894 3416 2362 3502 quod'scribis,
2418 3437 2493 3481 ea

422 3536 700 3601 conditio
763 3559 880 3602 non
939 3538 1316 3624 displiceret,
1371 3538 1531 3623 (jam
1584 3537 1785 3621 enim,
1838 3542 1908 3600 ut
1954 3522 2221 3620 ingenue
2269 3536 2487 3621 fatear,

421 3652 641 3743 incipit
689 3676 789 3721 me
840 3656 1096 3723 taedere
1151 3657 1341 3742 hujus
1390 3657 1601 3742 vitae),
1654 3677 1879 3722 vereor
1928 3663 2138 3721 autem
2171 3676 2250 3721 ne
2283 3657 2492 3743 repul-

423 3797 560 3840 sam
610 3776 848 3861 feram,
906 3796 980 3841 eo
1033 3776 1198 3863 quod
1250 3775 1491 3841 Graece
1540 3776 1833 3841 nesciam.
1935 3774 2081 3841 Tibi
2130 3768 2527 3841 et'Francio.

422 3917 560 3961 rem
612 3916 856 3959 omnem
909 3898 1266 3982 committo,
1321 3897 1543 3983 quibus
1578 3898 1706 3961 scio
1758 3917 1899 3961 mea
1948 3896 2155 3961 omnia
2201 3918 2324 3961 non
2372 3898 2491 3960 mi-

422 4036 540 4079 nus
592 4016 765 4080 cordi
817 4037 956 4081 esse
1008 4039 1080 4082 ac
1135 4016 1306 4081 mihi.
1409 4016 1840 4101 Trajectiones
1888 4016 2332 4102 Propertianas
2381 4037 2491 4081 no-

423 4142 706 4199 taveram
781 4135 861 4200 ad
935 4158 1111 4200 oram
1181 4137 1448 4221 codiciS,
1532 4136 1634 4223 qui
1706 4136 1760 4199 si
1831 4135 1935 4199 hic
1984 4143 2181 4222 esset,
2233 4156 2487 4223 possem

421 4230 839 4320 transcribere
891 4255 1059 4342 quod
1108 4255 1307 4343 petis3
1367 4276 1621 4342 verum,
1674 4262 1743 4320 ut
1791 4262 1981 4343 puto,
2035 4278 2154 4323 non
2189 4264 2328 4321 sunt
2356 4257 2491 4342 ejus

424 4374 722 4460 ponderis
794 4382 863 4439 ut
932 4397 1053 4441 non
1125 4376 1308 4443 facile
1375 4376 1579 4465 possis
1630 4397 1877 4462 carere,
1933 4396 2074 4441 cum
2121 4376 2488 4463 praesertim

355 4472 364 4477 “
427 4492 700 4580 priscam
749 4494 919 4559 illam
970 4496 1312 4583 elegiarum
1362 4496 1816 4600 distinctionem
1868 4495 2231 4587 sequamini.
2300 4494 2490 4563 Wilt-
