2975 5209
1544 494 1671 555 11ss

574 695 636 755 et
723 687 935 755 videre
1014 687 1228 754 debes.
1326 687 1707 751 Bouhoursii
1780 688 2228 751 contumeliosa
2297 687 2625 774 quaestio,

574 809 651 875 Si
698 831 788 874 un
839 809 1182 874 Allemand
1215 814 1372 892 peut
1417 810 1547 871 ecre
1583 807 1677 871 bel
1714 809 1944 890 esprit‚
1998 812 2204 872 exstat
2239 807 2303 871 in
2345 805 2624 892 Dialogo
2704 834 2709 837 ·

577 932 648 1014 4,
714 951 775 1014 p.
849 930 1022 1013 242,
1088 929 1229 992 libri
1288 929 1386 992 cui
1437 927 1647 990 titulus
1708 926 1833 990 Les
1896 926 2265 991 Entretiens
2332 927 2633 990 d’Ariste

577 1056 632 1112 et
671 1047 1001 1134 d'E'uqene
1020 1097 1039 1129 ,
1091 1049 1128 1110 a
1162 1045 1594 1130 Amsterdam‚
1655 1043 2003 1130 1671,12⁰.
2031 1044 2347 1110 Memento
2384 1053 2631 1130 tamen,

578 1167 798 1232 eadem
869 1173 930 1232 te
997 1187 1190 1253 opera
1235 1165 1544 1252 inspicere
1594 1164 1827 1228 debere
1878 1184 2039 1250 quae
2090 1165 2409 1248 congessit
2446 1150 2636 1250 'inep-

575 1286 847 1350 tissimus
915 1286 1220 1351 Bailletus
1259 1287 1302 1370 ¹)
1377 1285 1545 1348 dans
1606 1285 1694 1347 les
1744 1280 2089 1368 Juyevnens
2140 1284 2253 1348 des
2294 1283 2633 1379 Seavans,

467 1419 474 1424 ’
575 1411 745 1471 tome
819 1408 890 1490 1,
959 1428 996 1470 a
1055 1428 1116 1492 p.
1195 1407 1328 1469 272
1388 1424 1585 1489 usque
1638 1404 1815 1488 283,
1882 1402 1990 1465 ubi
2041 1402 2120 1466 de
2171 1402 2631 1467 Germanorum

575 1526 835 1610 ingeniis
897 1525 1027 1610 agit
1073 1545 1148 1588 ac
1194 1525 1556 1610 Belgarum.
1659 1522 2087 1609 Charpenterii
2134 1522 2361 1586 librum
2410 1544 2626 1587 recen⁸

580 1646 731 1730 suit,
807 1646 868 1708 ni
929 1645 1145 1730 fallor,
1209 1643 1412 1730 Bayle
1463 1644 1617 1707 dans
1669 1644 1757 1707 les
1810 1641 2146 1706 Nouvelles
2196 1641 2391 1705 de'la
2452 1661 2641 1725 repu-

582 1765 790 1850 blique
847 1765 958 1829 des
1007 1766 1217 1828 lettres
1251 1765 1330 1848 2),
1394 1762 1856 1848 Longapetraei
1910 1763 1986 1844 (is
2042 1762 2205 1826 enim
2253 1769 2347 1826 est
2396 1763 2636 1846 auctor)

583 1884 908 1949 Diseours
965 1905 1084 1947 sur
1127 1885 1216 1947 les
1261 1886 1520 1946 amiens
1580 1883 1969 1968 BasnagiuS,
2028 1903 2145 1946 non
2187 1883 2319 1947 sine
2360 1882 2633 1966 maligno

583 2025 794 2069 morsu
828 2005 894 2086 ³).
995 2003 1200 2067 Locos
1268 2004 1469 2088 ipsoex,
1542 2001 1650 2064 ubi
1716 2022 2039 2065 recensum
2106 2002 2309 2086 ipsum
2360 2001 2634 2086 reperire

583 2123 844 2208 possiS‚-
879 2143 998 2185 non
1051 2142 1211 2207 queo
1259 2142 1416 2186 nunc
1465 2121 1717 2208 quidem
1764 2121 2056 2186 indicare.
2121 2120 2220 2184 Tu
2270 2121 2385 2183 nisi
2435 2141 2548 2206 per
2579 2127 2641 2186 te

587 2247 694 2305 aut
752 2262 864 2327 per
926 2241 1114 2303 alium
1164 2242 1504 2326 repereris,
1542 2241 1809 2304 -dabitur
1858 2229 2030 2302 alias
2061 2261 2270 2325 opera.
2371 2239 2439 2305 Si
2492 2239 2643 2326 quid

587 2366 913 2447 praeterea
964 2366 1083 2441 est,
1133 2359 1194 2422 in
1245 2380 1366 2446 quo
1419 2361 1529 2424 tibi
1570 2361 1707 2423 usui
1743 2381 1881 2424 esse
1915 2360 2110 2445 possit
2142 2359 2473 2424 mediocris
2500 2379 2645 2423 mea

585 2478 924 2563 industria,
1001 2484 1140 2540 tuus
1219 2478 1330 2541 erit
1403 2479 1582 2543 labor
1648 2479 1978 2564 explorare
2043 2479 2190 2566 quid
2241 2486 2443 2564 optes.
2543 2477 2646 2543 De

586 2592 785 2664 Jensii
837 2597 1109 2662 carmine
1160 2599 1265 2662 vix
1319 2598 1522 2663 habeo
1573 2599 1741 2684 quod
1791 2599 2204 2684 respondeam
2237 2600 2307 2681 4).
2383 2597 2533 2684 Egit
2593 2599 2646 2662 is

582 2720 719 2805 ipse
793 2739 1001 2782 coram
1056 2740 1194 2781 cum
1261 2717 1562 2802 FranciO,
1642 2718 1808 2808 quod
1880 2717 2123 2782 videtur
2184 2722 2245 2783 te
2316 2718 2637 2782 celavisse.

415 2917 426 2926 α
481 2836 488 2841 ’
565 2837 878 2906 Ceterum
951 2837 1116 2923 quod
1196 2837 1276 2901 ad
1343 2836 1677 2900 Francium
1752 2838 2003 2922 attinet,
2083 2837 2347 2902 obsecra
2410 2843 2507 2921 te,
2560 2837 2648 2900 mi

588 2956 911 3040 Perizoni‚
951 2977 1101 3020 cave
1138 2956 1248 3020 tibi
1283 2957 1549 3020 sollicite
1584 2978 1621 3018 a
1655 2957 1927 3040 maligno
1962 2978 2365 3020 susurronum
2398 2977 2645 3042 genere.

589 3074 944 3160 Numquam
985 3074 1284 3160 deerunt,
1338 3075 1561 3162 quibus
1601 3077 1770 3140 melli
1808 3083 1900 3140 est
1938 3077 2100 3141 viros
2133 3077 2457 3162 paeclaros
2488 3076 2651 3140 inter

591 3216 659 3258 se
757 3194 1165 3258 committere.
1278 3191 1363 3256 At
1443 3199 1671 3279 quanto
1750 3215 1890 3258 cum
1965 3196 2276 3264 dedecore
2352 3195 2651 3261 bonarum

587 3313 942 3378 literarum!
1047 3312 1088 3377 J
1092 3313 1295 3377 ensius
1382 3319 1585 3377 utrum
1659 3313 1859 3378 bonos
1934 3336 2147 3379 versus
2222 3315 2489 3399 scribat,
2562 3336 2643 3378 an

590 3433 826 3516 malos,
882 3433 1029 3518 quid
1079 3433 1160 3496 ad
1192 3433 1301 3496 te?
1354 3431 1503 3519 quid
1538 3433 1617 3496 ad
1652 3431 1986 3510 Francium
2017 3435 2047 3496 Ρ
2106 3431 2399 3498 Vestrum
2439 3440 2657 3499 neuter

691 3648 734 3724 ¹)
821 3650 1049 3708 Adrien
1117 3652 1340 3711 Baillet
1385 3655 1879 3730 (1649--1706),
1925 3655 2015 3713 vir
2063 3655 2337 3714 eruditus
2385 3660 2447 3714 et
2489 3654 2659 3714 labo-

591 3737 817 3810 riosae,
864 3755 1048 3813 opera
1090 3735 1376 3796 historica
1420 3739 1626 3800 edidit.
1716 3740 1861 3798 Eius
1908 3741 2096 3799 liber:
2143 3741 2499 3818 Jayements
2549 3742 2659 3799 des

595 3828 852 3880 savants
879 3879 884 3884 ,
913 3841 1027 3880 sur
1079 3824 1163 3880 les
1199 3825 1587 3899 principem
1632 3844 1930 3904 ouvraqes
1979 3827 2079 3884 des
2129 3833 2385 3885 auteurs
2430 3826 2659 3905 prodiit

597 3925 652 3964 a.
704 3907 900 3980 1658,
945 3907 1163 3965 iterum
1209 3927 1261 3966 a.
1313 3912 1496 3967 1722.

683 3992 728 4065 2)
816 3992 1021 4050 Pierre
1087 3993 1279 4069 Bayle
1347 3994 1535 4053 edidit
1576 3995 2051 4054 Amstelaedami
2097 3996 2417 4055 Nouvelbes
2462 3997 2535 4055 de
2582 3997 2650 4055 la

597 4075 1459 4234 r6t3b2233030222.L-03⁶20⁶-2.<
1467 4082 1584 4222 15}
1594 4083 1963 4224 45-158322

1209 4185 1226 4221 1
1307 4184 1366 4220 vl
1708 4185 1757 4224 ιε
1788 4211 1800 4224 .
1968 4210 1979 4223 .

689 4243 737 4320 4)
825 4248 1031 4306 Verba
1076 4183 1232 4324 quffe
1279 4255 1617 4326 sequuntur
1659 4185 2012 4310 Igerizonius
2041 4250 2315 4311 laudavit
2344 4252 2406 4309 in
2441 4251 2657 4310 libello

597 4350 737 4406 8110,
807 4334 902 4390 cui
965 4334 1210 4392 titulus:
1303 4334 1362 4393 G.
1447 4337 1684 4393 Valerii
1750 4337 2028 4395 Aeeineti
2094 4339 2176 4396 ad
2255 4339 2321 4394 P.
2394 4337 2663 4396 Francia·

599 4419 918 4493 epistolam
962 4421 1206 4477 tertiam
1251 4423 1586 4495 responsio.
1638 4421 1933 4499 Luyduni
1977 4425 2042 4480 in
2090 4423 2393 4498 Batavis,
2446 4465 2459 4479 .
2512 4466 2525 4478 .
2579 4466 2592 4479 .
2648 4467 2663 4482 .

608 4506 802 4581 1696,
849 4523 988 4581 pag.
1039 4506 1137 4562 20.
