2975 5209
1524 478 1653 541 110

1461 671 1643 737 xon
1685 673 1744 754 Ι).

1241 815 1455 878 Poetae
1502 811 1931 895 Elegantissime

1235 925 1555 990 centurioni
1598 922 1931 987 fortissimo

1310 1037 1446 1099 lano
1494 1033 1850 1099 Broukltusio

1346 1147 1464 1210 lac.
1514 1144 1851 1210 Perizonius.

655 1284 826 1348 Dum
876 1307 952 1348 ex
1003 1286 1221 1350 morbo
1272 1308 1380 1350 seu
1429 1287 1626 1370 febri,
1682 1307 1840 1371 quae
1880 1307 1981 1349 me
2016 1285 2360 1349 exercitum
2404 1285 2624 1350 habuit
2712 1292 2718 1299 '

549 1402 940 1488 diutissime,
995 1407 1223 1469 sensim
1275 1407 1677 1487 convalesce,
1733 1414 1791 1467 et
1826 1404 2068 1467 interim
2094 1410 2256 1468 totos
2290 1404 2421 1466 dies
2450 1403 2621 1468 domi

563 1523 846 1589 desidere
920 1545 1143 1609 cogor,
1223 1537 1515 1610 tanquam
1592 1523 1848 1588 claudus
1924 1538 2131 1607 sutor,
2206 1533 2273 1586 ut
2338 1524 2444 1586 ille
2494 1524 2615 1608 ait,

562 1643 688 1728 legi
757 1643 1026 1708 Perralti
1061 1648 1110 1729 2)
1185 1645 1502 1709 Parallela
1562 1646 1973 1730 Antiquorum
2023 1643 2611 1728 Hodiernorumque

560 1763 981 1849 ingeniorum,
1053 1766 1111 1827 in
1184 1765 1405 1850 quibus
1456 1764 1790 1829 hodiernos
1841 1764 2210 1848 scriptores,
2264 1761 2449 1827 modo
2500 1763 2623 1826 sint

567 1881 771 1968 Galli,
825 1885 1008 1970 longe
1056 1885 1328 1970 praefert
1377 1885 1708 1949 veteribus.
1820 1883 1959 1946 Vidi
2008 1885 2196 1948 etiam
2226 1879 2610 1968 Epistolam,

565 2024 686 2088 qua
733 2002 996 2068 Francio
1046 2005 1383 2091 respondet
1413 2007 1480 2088 3).
1587 2003 1700 2068 Oui
1751 2025 1825 2066 an
1868 2004 2017 2066 nihil
2066 2023 2317 2088 prorsus
2351 2011 2611 2088 reponet

454 2200 463 2207 .
565 2121 912 2187 Francius?
1007 2123 1162 2188 Erat
1241 2125 1521 2210 profecto
1602 2131 2069 2208 argumentum,
2167 2122 2421 2208 dignum
2494 2142 2610 2206 ec,

567 2243 671 2328 q‘ui
719 2263 800 2306 ex
849 2249 1127 2308 veterum
1179 2245 1483 2329 sapientia
1534 2253 1593 2307 et
1644 2241 1815 2306 varia
1848 2243 2190 2306 eruditione
2224 2242 2617 2327 potissimum

567 2362 980 2446 eloquentiam
1047 2363 1294 2427 illorum
1364 2364 1495 2426 sive
1564 2384 1753 2449 prosa
1808 2364 1937 2426 sive
2013 2380 2209 2425 metro
2280 2362 2618 2424 admiratur

563 2480 974 2566 imitaturque.
1077 2481 1237 2554 Quid
1307 2482 1441 2567 Tu,
1498 2483 1610 2546 Vir
1662 2483 2068 2566 Doctissime,
2124 2483 2431 2567 quipunus
2483 2502 2615 2544 om-

565 2599 731 2696 niu-m
803 2603 1076 2666 maxime
1146 2603 1531 2688 perlustrasti
1608 2603 1930 2666 Gallorum
2002 2600 2301 2665 hodierna
2350 2601 2614 2686 scripta,

567 2726 626 2782 et
673 2720 1000 2786 scitissime
1052 2723 1579 2808 comparationem
1615 2723 1930 2785 instituere
1961 2741 2178 2805 posses
2212 2720 2369 2783 inter
2402 2739 2619 2782 eorum

569 2838 725 2904 bene
759 2841 858 2904 vel
890 2861 1068 2906 secus
1107 2844 1267 2906 dicta
1308 2851 1367 2907 et
1401 2851 1716 2926 vetorum,
1756 2843 1932 2905 sicuti
1965 2840 2462 2904 Perraltus'facit
2484 2888 2501 2920 ,
2539 2860 2616 2902 an

563 2958 882 3044 impetrari
955 2982 992 3024 a
1059 2961 1153 3025 Te
1218 2969 1423 3047 potest
1496 2975 1557 3023 ut
1620 2961 1915 3024 ferociam
1966 2960 2230 3022 hominis
2282 2957 2611 3042 retundas,

565 3099 638 3142 ac
709 3085 985 3144 veterum
1057 3083 1318 3166 gloriam
1385 3081 1464 3144 ab
1515 3080 1867 3166 opprobriis
1920 3079 2210 3143 vindices
2314 3077 2477 3142 Nam
2528 3077 2609 3142 de

561 3193 864 3282 FranciO,
931 3207 998 3262 ut
1067 3220 1209 3263 vere
1277 3199 1519 3284 dicam,
1593 3199 1742 3264 nihil
1814 3199 2120 3282 ejusmodi
2185 3207 2519 3284 exspectO,
2576 3219 2613 3262 a

663 3383 702 3458 ¹)
790 3387 860 3443 In
906 3387 1288 3446 Bibliotheca
1331 3387 1735 3466 Lugdunensi.

652 3466 700 3542 2)
793 3470 1042 3530 Charles
1087 3473 1392 3549 Perrault,
1441 3479 1617 3532 natus
1665 3492 1717 3531 a.
1772 3475 1931 3530 1628
1972 3473 2283 3546 Lutetiae,
2327 3475 2613 3548 poemata

564 3555 795 3614 Gallico
843 3575 1118 3616 sermone
1163 3560 1384 3636 scripta
1428 3559 1633 3618 edidit.
1725 3559 1869 3616 Eius
1914 3559 2067 3616 liber
2131 3555 2443 3616 Parallele
2504 3559 2608 3614 cles

565 3637 806 3700 amiens
898 3651 951 3700 et
1043 3646 1145 3702 des
1225 3647 1577 3718 moderneS,
1646 3644 1986 3720 (Lutetiae,
2063 3645 2511 3714 1688-1698,
2574 3643 2611 3699 4

561 3727 730 3802 vok),
801 3728 1118 3786 exordium
1161 3729 1274 3788 fuit
1341 3731 1563 3808 longae
1610 3736 1795 3805 atque
1842 3729 2097 3787 acerbae
2167 3726 2610 3787 controversiae

559 3811 912 3872 litterariae.
1005 3815 1201 3873 Hodie
1246 3815 1552 3874 Perraltus
1596 3815 1821 3874 fabulis
1857 3815 1978 3874 suis
2012 3815 2276 3892 nondum
2310 3812 2616 3872 oblivione

563 3901 653 3956 est
687 3899 956 3958 obrutus.
1049 3900 1215 3958 Obiit
1261 3921 1311 3958 a.
1371 3905 1547 3959 1703.

653 3979 702 4056 3)
790 3985 1084 4042 Francius
1129 3987 1188 4044 in
1237 3987 1508 4045 oratione
1555 4006 1664 4044 sua
1697 3989 1767 4044 de
1802 3985 2079 4060 Perfecto
2114 3993 2165 4043 et
2204 3991 2614 4058 consummato

569 4068 836 4128 Oratore
895 4071 1194 4129 studiosos
1239 4073 1468 4132 monuit
1515 4078 1581 4131 ut
1628 4092 1663 4130 a
1711 4072 1875 4128 libris
1921 4071 2032 4128 sibi
2081 4077 2367 4129 caverent
2414 4067 2615 4128 Gallo-

562 4173 728 4230 rum,
792 4156 894 4231 qui
959 4156 1346 4228 „Parisiensis
1409 4158 1629 4216 Curiae
1673 4157 2049 4215 Advocatos''
2096 4157 2439 4214 disertiores
2484 4173 2616 4212 esse

565 4238 856 4298 Cicerone
917 4242 1338 4306 affirmarent„
1392 4243 1700 4302 Perraltus
1757 4243 1818 4300 in
1866 4242 2123 4318 dialogis
2167 4243 2286 4300 suis
2332 4242 2488 4298 hanc
2533 4241 2613 4299 ob

562 4343 689 4382 rem
756 4327 1142 4386 veliementer
1194 4329 1254 4385 in
1302 4329 1628 4386 Francium
1673 4329 1947 4386 invectus
1994 4333 2102 4387 est.
2194 4328 2339 4384 Eam
2389 4325 2610 4402 episto-

569 4409 685 4467 lam
744 4411 1001 4470 Perralti
1044 4414 1380 4492 Basnagius
1424 4415 1685 4472 Francio
1730 4415 2029 4490 probante
2075 4414 2134 4470 in
2183 4410 2617 4490 Ephemeridas

565 4514 702 4554 suas
747 4498 972 4558 retulit.
