2975 5209
1344 461 1474 528 143

387 670 535 728 sunt
601 663 706 727 vel
779 660 857 724 ad
929 661 1134 726 lucem
1183 660 1282 725 vel
1335 661 1414 724 ad
1465 661 1908 725 correctionem
1956 659 2433 746 Inscriptionum

329 765 334 769 ’
373 782 922 858 Gruterianar'um‚
973 782 1176 845 indice
1224 783 1441 846 itidem
1487 782 1737 865 adjecto
1788 803 1973 867 quam
2022 782 2155 845 fieri
2204 781 2430 868 poterit

376 903 861 972 accuratissimo.
961 900 1060 964 Ea
1137 902 1518 966 collectanea
1593 901 2035 987 comprehendi
2102 887 2467 987 poterunt,'

377 1025 442 1086 ni
491 1023 710 1106 fallor,
779 1030 952 1086 tomo
1001 1021 1406 1106 syntagmatis
1458 1021 1750 1084 secund0.
1850 1020 2059 1105 Pighii
2109 1020 2352 1084 notulas
2390 1022 2433 1103 ¹)

379 1165 497 1229 ego
554 1144 690 1226 jam
764 1141 1082 1228 descripsi.
1183 1139 1298 1204 Est
1362 1150 1687 1228 praeterea
1735 1162 1927 1226 penes
1978 1162 2077 1205 me
2128 1139 2425 1223 (nondum

377 1273 583 1327 tamen
633 1262 954 1347 proprium
1004 1281 1076 1324 ac
1113 1261 1300 1346 plane
1349 1282 1556 1324 meum
1598 1263 1715 1342 est)
1766 1261 2177 1345 fragmentum
2214 1261 2422 1344 magni

385 1384 626 1470 operis,
681 1382 761 1445 ab
811 1381 1017 1446 nescio
1051 1402 1173 1467 quo
1218 1380 1606 1466 Hieronymo
1640 1380 1973 1444 Borsaerio
2010 1380 2183 1444 libris
2213 1379 2435 1444 XXIV

387 1504 746 1590 conscripti,
821 1502 998 1566 titulo
1073 1501 1338 1566 Theatri
1388 1501 1769 1565 Insubricae
1820 1501 2335 1592 Maymflcentiae
2367 1501 2435 1584 2).
2490 1485 2497 1490 ¹

387 1622 454 1686 ln
530 1645 605 1688 eo
633 1622 1002 1707 ·fragmento
1054 1641 1240 1708 quam
1287 1622 1596 1707 plurimae
1645 1621 2074 1708 inscriptiones
2125 1642 2437 1686 commen·

384 1743 541 1807 tario
580 1743 890 1806 luculento
928 1739 1346 1823 illustrantur,
1397 1743 1630 1804 nummi
1667 1742 1853 1805 etiam
1886 1763 2005 1806 non
2040 1742 2221 1827 pauci
2259 1741 2440 1805 docte

388 1885 462 1928 ac
507 1863 706 1948 perite
755 1870 1182 1948 exponuntur,
1237 1862 1480 1925 additis‘
1512 1869 1575 1926 et
1621 1862 1903 1946 lapidum
1951 1868 2013 1926 et
2045 1881 2437 1924 nummorum
2474 1897 2481 1902 -

388 1984 618 2068 figuris.
690 1982 904 2046 Labor
971 1989 1066 2046 est
1135 1982 1461 2066 egregius,
1530 1981 1764 2046 utinam
1823 1989 1883 2045 et
1941 1981 2196 2065 integer.
2296 1979 2437 2067 Ego

389 2125 538 2166 sane
611 2123 838 2186 magno
905 2101 1254 2166 redemtum
1305 2101 1511 2164 velim.
1615 2099 1796 2164 Haec
1848 2099 2065 2185 opinor
2106 2099 2438 2164 editionem

369 2221 657 2288 'efficient
694 2223 943 2308 antiqua
978 2222 1093 2284 ista
1124 2220 1404 2306 plurimis
1446 2219 1727 2306 partibus
1762 2219 2437 2303 commendabiliorem,

391 2350 452 2407 et
499 2350 789 2428 typorum
839 2353 899 2404 et
947 2341 1196 2404 chartae
1238 2340 1436 2404 nitore
1473 2346 1534 2403 et
1566 2361 1683 2404 usu
1718 2339 1981 2426 denique
2020 2339 2158 2425 ipso
2193 2339 2437 2403 inaesti-

389 2461 704 2525 mabilem.
806 2459 1052 2524 Tertius
1101 2466 1303 2523 tomus
1355 2459 1803 2544 complectatur
1852 2457 2207 2544 Marquardi
2250 2457 2438 2522 Gudii

391 2582 861 2665 collectionem,
961 2579 1041 2643 ad
1123 2579 1344 2643 faciem
1419 2580 1628 2664 operis
1704 2577 2058 2643 Gruteriani
2130 2579 2442 2643 indicibus

391 2702 606 2766 itidem
675 2702 802 2764 suis
861 2701 1249 2764 instructam.
1352 2699 1517 2762 Huic
1593 2697 1781 2784 adjici
1843 2699 2071 2763 debent
2111 2698 2441 2784 (siquidem

394 2809 649 2884 inreniri
696 2829 1021 2906 poterunt,
1075 2826 1256 2904 atque
1299 2840 1444 2882 aere
1477 2819 1850 2906 comparari)
1886 2817 2145 2882 Joannis
2188 2815 2438 2882 Macarii

393 2939 830 3025 Inscriptiones
901 2937 1180 3003 Graecae
1214 2941 1280 3022 ³),
1336 2959 1474 3001 oum
1527 2939 1807 3003 versione
1856 2938 2082 3001 Latina
2132 2946 2193 3001 et
2242 2937 2439 3002 Notis.

394 3059 466 3122 Id
537 3081 695 3145 opus
761 3059 1028 3123 creditur
1090 3065 1337 3122 exstare
1402 3059 1462 3121 in
1544 3057 1825 3142 Collegio
1902 3058 2169 3142 trilingui
2239 3057 2443 3120 Busli-

395 3177 614 3261 dianO,
701 3178 866 3263 quod
945 3178 1208 3242 Lovanii
1281 3184 1390 3241 est.
1492 3175 1701 3263 Atque
1778 3176 1899 3240 hoc
1980 3176 2217 3242 Catone
2290 3197 2445 3239 nunc

396 3297 644 3382 quidem
714 3296 980 3361 contenti
1048 3295 1273 3380 simus,
1327 3294 1824 3381 quandoquidem
1877 3302 1943 3359 ut
1991 3296 2273 3359 volumus
2324 3315 2442 3357 non

393 3418 553 3493 licet.
656 3415 791 3496 Tu,
869 3417 953 3479 mi
1023 3427 1234 3502 pater,
1311 3415 1362 3479 si
1439 3415 1591 3479 nihil
1661 3412 1985 3498 dissentis,
2041 3414 2437 3499 cogitandum

392 3537 506 3600 erit
580 3515 764 3622 quam
803 3537 1070 3620 primum
1123 3535 1200 3600 de
1257 3534 1433 3597 novis
1471 3534 1890 3598 conditionum
1955 3534 2217 3618 tabulis,
2261 3549 2441 3620 'quae

392 3657 632 3742 priores
719 3656 866 3718 istas
949 3655 1224 3718 honestis
1314 3653 1652 3717 rationibus
1733 3653 1812 3717 ad
1829 3654 2014 3725 *luctis
2079 3653 2446 3738 tempestive

393 3783 706 3839 excusent.
810 3774 985 3837 Haec
1035 3794 1154 3857 ego
1196 3774 1285 3836 sic
1320 3793 1565 3837 mecum
1605 3773 1994 3856 cogitabam,
2045 3772 2196 3835 nihil
2233 3779 2455 3835 tamen·

394 3900 706 3976 statuens,
781 3893 893 3955 nisi
963 3893 1159 3956 sciero
1211 3891 1357 3978 quid
1409 3891 1495 3954 tui
1546 3892 1625 3954 sit
1672 3891 1925 3955 consilii.
2024 3889 2185 3954 Vale
2227 3889 2441 3955 Musa-

399 4034 530 4075 rum
603 4013 819 4096 ingens
893 4012 1118 4095 decus,
1197 4019 1258 4074 et
1316 4032 1449 4093 me,
1501 4010 1670 4096 quod
1719 4010 1910 4093 facis,
1965 4031 2175 4074 amare
2225 4032 2439 4098 perge.

483 4227 524 4298 ¹)
611 4224 863 4302 Pighius
903 4224 1071 4281 iussu
1117 4221 1454 4282 Cardinalis
1484 4223 1761 4281 Marcelli
1795 4223 2037 4282 Cervini
2072 4213 2446 4299 farraginem

390 4310 854 4387 inscriptionum
901 4309 1284 4385 antiquarum
1328 4307 1591 4386 collegit.

485 4397 530 4468 2)
618 4397 841 4471 Ignoro
886 4379 1209 4452 homineh.

490 4478 538 4554 ³)
626 4480 843 4537 Nescio
889 4480 1024 4555 quis
1066 4479 1266 4537 fucrit.
