2975 5209
1529 470 1617 537 28

547 663 933 749 pervenerit,
983 671 1151 731 recte
1197 666 1547 752 perferetur
1594 668 1675 733 ad
1720 674 2067 756 utrumque.
2168 669 2331 735 Nam
2380 670 2433 735 is
2482 671 2597 735 tibi

469 862 474 871 ι
548 781 752 870 favet,
819 791 1151 872 postquam
1215 808 1297 851 ex
1361 787 1543 851 nobis
1608 788 1915 854 intellexit
1979 789 2208 875 ingenii
2255 791 2341 855 tui
2396 792 2593 856 doteS.

547 902 714 969 Vide
784 911 852 969 ut
917 907 1240 993 praedices
1309 907 1444 992 ejus
1494 907 1773 994 inprimis
1823 908 2199 993 elegantiam
2246 930 2489 975 morum
2538 917 2601 976 et

549 1024 979 1112 prudentiam,
1061 1048 1181 1113 qua
1249 1028 1421 1115 ipsos
1486 1028 1682 1092 Italos
1732 1007 1998 1114 superet.
2100 1029 2261 1093 Nam
2311 1029 2595 1115 Italiam,

551 1144 610 1207 in
687 1164 807 1230 qua
879 1144 984 1209 diu
1053 1146 1214 1231 egit,
1268 1147 1669 1219 vehementer
1734 1146 2087 1212 admiratur.
2188 1148 2275 1212 Ut
2323 1156 2385 1214 et
2434 1150 2601 1236 quod

552 1264 742 1329 instar
791 1271 1067 1331 veterum
1117 1265 1545 1331 Romanorum
1580 1268 1890 1353 sapienter
1920 1274 2100 1353 regat
2128 1245 2596 1355 rempublicam,

555 1390 616 1448 et
665 1404 881 1469 agrum
931 1386 1096 1449 colat
1144 1385 1436 1451 studiose.
1514 1386 1680 1450 Nam
1725 1387 1787 1451 in
1822 1388 1971 1451 villa
2004 1387 2359 1456 suburbana
2384 1388 2597 1474 hortis,

551 1500 946 1591 nemoribus,
1029 1506 1226 1591 xystis
1302 1506 1661 1571 exornanda
1732 1508 1991 1571 multum
2063 1508 2238 1594 ponit
2301 1509 2597 1595 temporis

563 1624 858 1689 subsicivi
906 1626 1068 1711 ipse,
1124 1631 1186 1690 et
1231 1625 1290 1689 in
1340 1626 1556 1713 primis
1602 1626 1725 1691 hoc
1758 1627 1942 1691 studii
1976 1647 2206 1712 genere
2240 1627 2595 1693 delectatur.

553 1743 654 1809 Ibi
707 1765 954 1830 quoque
1001 1766 1212 1810 sacros
1262 1752 1438 1811 vates
1487 1745 1754 1811 admittit
1802 1752 1863 1811 et
1912 1745 2081 1811 audit
2128 1746 2458 1813 libenter''.
2512 1798 2526 1812 .
2586 1796 2600 1811 .

654 1862 826 1949 Traj.
903 1865 984 1931 ad
1055 1865 1373 1953 Rhenum,
1458 1888 1515 1931 a.
1548 1867 1606 1933 d.
1682 1865 1782 1931 ΙΙΙ
1851 1866 1999 1931 Idus
2071 1867 2273 1953 Majas
2325 1868 2604 1933 Julianas

555 1979 1199 2052 GIOIOOLXXVIH.

1375 2134 1785 2154 νΐ-Ἁ-Γ-ΓΙᾸΛΙΣΓΙΦ-ΓΨ-Ιῐ

1540 2240 1644 2303 18.

1185 2388 1374 2453 loanni
1421 2387 1668 2471 Geor-gio
1714 2388 1956 2453 Graevio

1268 2500 1436 2564 lanus
1491 2499 1894 2565 Broukhusius.

650 2642 900 2709 Gaudet
970 2641 1243 2706 carmina
1304 2662 1416 2705 sua
1465 2640 1736 2706 Graevio
1785 2642 2115 2727 placuisse.
2168 2681 2255 2691 —
2312 2641 2607 2722 „Gratias

554 2784 800 2852 quoque
877 2763 1076 2828 debeo
1147 2761 1345 2825 amori
1417 2768 1557 2846 tuo,
1594 2783 1599 2787 ·
1636 2762 1738 2848 qui
1796 2783 1898 2827 me
1949 2783 2028 2826 ex
2076 2758 2603 2827 turbulentissimo

552 2884 718 2948 vitae
798 2903 1026 2967 genere
1097 2882 1158 2945 in
1235 2881 1621 2967 tranquillius
1695 2881 1927 2967 aliquid
2006 2887 2188 2967 atque
2262 2880 2606 2966 elegantius

552 3002 850 3067 reducere
935 3007 1206 3066 conatur.
1324 3000 1637 3087 Equidem
1718 3022 1839 3065 non
1921 3001 2246 3066 inhoneste
2324 3022 2607 3087 parmam

552 3143 805 3209 possem
877 3132 1110 3209 ponere
1185 3122 1549 3207 facta-jam
1584 3168 1590 3173 -
1622 3140 1799 3207 pace.
1908 3118 2161 3185 Utinam
2232 3120 2610 3207 respondeat

563 3241 751 3307 modo
824 3242 984 3307 votis
1056 3242 1280 3307 nostris
1352 3242 1695 3329 potentium
1746 3241 2087 3305 amicorum
2134 3240 2397 3307 favor!”
2450 3292 2463 3307 .
2530 3291 2541 3305 .

560 3362 825 3428 Carmen
864 3362 1093 3427 scribet
1139 3361 1218 3426 ad
1256 3360 1591 3427 Consulem
1617 3359 2089 3426 Marsevenium.
2125 3340 2249 3425 'Ad
2276 3361 2607 3426 Francium
2648 3418 2653 3423 .

557 3491 618 3549 et
645 3483 1008 3548 Plumerum
1033 3481 1396 3546 fasciculum
1423 3482 1589 3545 misit
1608 3502 1747 3545 cum
1766 3462 2134 3568 qui-busdam
2154 3471 2523 3546 carminibus
2544 3482 2607 3567 ¹),

557 3603 669 3669 sed
719 3604 798 3683 ab
847 3602 970 3667 illis
1011 3602 1164 3665 nihil
1199 3602 1450 3665 audivit.
1531 3600 1775 3686 „Ajunt
1807 3601 1907 3665 hic
1939 3622 2159 3687 pacem
2184 3602 2344 3666 inter
2366 3608 2607 3665 nostros

557 3730 618 3789 et
682 3722 899 3787 Gallos
949 3722 1174 3785 factam
1226 3742 1402 3805 esse,
1468 3721 1543 3784 iis
1595 3742 1733 3785 cum
1784 3720 2070 3806 Hispano
2124 3727 2183 3785 et
2233 3720 2653 3785 Germaniae-

555 3839 938 3931 principibus
987 3840 1262 3906 nondum
1297 3842 1692 3927 convenisse,
1746 3841 2136 3905 armistitium
2169 3841 2410 3906 interim
2440 3842 2607 3925 fore,
2668 3922 2673 3927 ⁸

555 3970 622 4027 ut
694 3962 1079 4027 commodius
1153 3961 1370 4048 peragi
1441 3962 1641 4047 possit
1712 3962 1881 4048 quod
1953 3960 2207 4026 restat.'’
2290 3998 2350 4010 —
2425 3960 2613 4025 Faxit

556 4080 733 4145 Deus
781 4087 850 4145 ut
900 4079 992 4145 Te
1042 4101 1193 4145 mox
1243 4081 1605 4167 amplectar.

653 4200 779 4279 „Et
828 4200 1045 4266 leviter
1091 4201 1295 4287 posita
1351 4200 1625 4265 referens
1674 4199 1813 4264 fera
1860 4200 2103 4286 proelia
2151 4220 2370 4263 mensa

743 4318 998 4405 Exiguo
1049 4321 1302 4408 pingam
1353 4327 1557 4384 castra
1604 4321 1893 4405 virosque
1942 4339 2153 4405 merc,

658 4490 700 4569 ¹)
788 4491 946 4551 Vide
991 4490 1086 4549 ad.
1133 4490 1320 4568 Epist.
1367 4490 1541 4549 XIX.
