2975 5209
1539 458 1670 526 142

586 657 842 745 Lipsiae
897 658 1304 744 syntagmatis
1354 659 1710 724 Reinesiani
1752 661 1796 743 ¹)
1848 661 2234 747 exemplaria
2282 661 2456 747 quasi
2506 671 2633 744 tre-

576 787 788 863 centa,
842 799 1000 864 quae
1039 779 1160 842 sibi
1193 779 1537 843 coemenda
1569 780 1689 844 sint
1722 781 2065 845 certissima
2096 782 2329 865 argenti
2359 781 2637 864 jactura,

575 899 710 983 pari
787 900 1023 964 ratione
1096 897 1405 985 agendum
1471 900 1605 964 fore
1656 922 1793 963 cum
1844 899 2058 986 Sponii
2107 900 2519 964 Miscellaneis
2555 900 2629 983 2).

576 1017 660 1081 Et
733 1039 892 1104 quae
957 1032 1096 1082 sunt
1169 1019 1231 1083 id
1306 1041 1503 1103 genus
1578 1020 1842 1103 infinita,
1922 1041 2079 1104 quae
2122 1020 2261 1105 ipse
2312 1020 2464 1102 tibi,
2516 1019 2637 1082 Vir

577 1136 936 1202 Clarissime
965 1185 980 1212 ,
1039 1139 1294 1226 peritius
1361 1148 1427 1204 ut
1495 1148 1645 1225 puto
1710 1150 1997 1226 exponet.
2096 1139 2245 1203 Vidi
2294 1149 2457 1203 certe
2506 1160 2633 1202 non

577 1255 734 1321 haec
771 1295 778 1300 ·
797 1257 1020 1340 jactari
1098 1256 1176 1322 de
1251 1259 1480 1344 nihilo,
1562 1267 1623 1324 et
1692 1269 2061 1344 praeterea,
2140 1269 2208 1323 ut
2282 1280 2439 1322 nunc
2488 1267 2635 1322 sunt

579 1398 817 1461 moi-ee,
872 1377 976 1441 vix
1027 1380 1214 1442 ullam
1266 1401 1442 1465 spem
1494 1380 1819 1464 adiulgere
1867 1391 1933 1443 ut
1984 1401 2141 1466 opus
2192 1387 2397 1444 tantae
2446 1379 2635 1442 molis

575 1498 867 1584 pariaque
954 1499 1134 1584 pretii
1217 1500 1444 1565 multos
1519 1501 1785 1564 inveniat
1864 1507 2153 1565 emtores,
2252 1499 2349 1563 Ne
2420 1507 2631 1562 tamen

577 1618 726 1681 nihil
809 1628 1060 1703 agatur,
1141 1627 1200 1683 et
1273 1617 1470 1683 honos
1546 1619 1727 1682 amici
1802 1620 1993 1683 nostri
2065 1620 2275 1683 salvus
2340 1625 2628 1701 maneat,

579 1738 775 1800 visum
850 1737 966 1800 fuit
1036 1746 1272 1824 tecum,
1347 1739 1429 1801 mi
1478 1747 1696 1824 pater,
1762 1731 1996 1824 aliquid
2047 1738 2393 1803 deliberare
2443 1759 2636 1823 super

576 1879 737 1920 nova
785 1856 1070 1938 editionis
1121 1859 1399 1941 ratione,
1453 1859 1570 1922 hac
1621 1860 1797 1943 lege,
1850 1866 1917 1921 ut
1966 1867 2030 1921 tu
2079 1861 2354 1943 corrigas
2388 1859 2439 1922 si
2475 1857 2630 1943 quid

461 1981 469 1986 ”
575 1997 693 2060 ego
757 1977 1152 2041 aberravero.
1252 1977 1414 2042 Puto
1491 1979 1732 2042 initium
1802 1972 1935 2042 fieri
2007 1978 2239 2042 debere
2308 1979 2385 2042 ab
2436 1999 2632 2064 opere

576 2095 946 2160 Gruteriano
980 2099 1047 2179 ³),
1119 2097 1441 2161 Boissardi
1478 2097 1530 2179 ¹¹)
1599 2097 1828 2162 tabulis
1898 2096 2085 2160 nitide
2150 2106 2488 2182 exornato,
2540 2099 2629 2160 in-

571 2216 1004 2308 scriptionibus
1055 2226 1116 2280 et
1165 2238 1201 2279 a
1246 2216 1515 2281 Grutero
1556 2225 1616 2281 et
1650 2241 1687 2281 a
1729 2217 1936 2282 Gudio
1968 2220 2017 2301 ⁵)
2070 2240 2253 2304 quam
2288 2189 2629 2303 diligentis-

571 2336 726 2400 sime
829 2336 1210 2420 emendatiS,
1305 2358 1468 2400 novo
1552 2338 1985 2422 cognominum
2069 2337 2271 2402 indice
2343 2338 2625 2421 adjecto,

529 2457 790 2519 ‘ceteris
838 2456 1142 2520 indicibus
1191 2458 1588 2542 perpurgatis
1641 2466 1700 2522 et
1751 2459 2026 2523 studiose
2076 2458 2401 2543 suppletis,
2455 2456 2627 2520 Addi

572 2552 800 2638 debent
858 2597 1281 2662 quaecumque
1333 2577 1432 2640 hio
1481 2577 1608 2640 illic
1659 2578 1738 2641 ab
1792 2578 2046 2641 eruditis
2096 2578 2246 2640 viris
2299 2577 2631 2640 observata

663 2850 702 2922 1)
793 2849 1052 2907 Thomas
1121 2849 1438 2908 Reinesius
1506 2851 2001 2924 (1687-1667),
2070 2849 2377 2923 GotanuS,
2440 2849 2628 2906 medi-

572 2935 770 2992 cinam
815 2935 1157 2993 exercebat.
1221 2934 1448 2992 Edidit:
1516 2935 1738 2991 Variae
1782 2936 2062 2992 lectiones
2107 2937 2324 3010 (⁸640)
2374 2940 2433 2992 et
2470 2933 2666 3010 Syn--

575 3027 780 3096 taqma
825 3021 1298 3095 inscriptionum
1344 3021 1764 3096 antiquarum.
1815 3021 2072 3095 Lipsiae
2138 3023 2376 3096 (1682).

663 3102 712 3178 ²)
802 3105 1056 3162 Charles
1121 3105 1280 3183 Spon
1349 3106 1855 3181 (1647—1685),
1914 3111 2089 3162 natus
2136 3106 2417 3179 Leonae,
2468 3105 2628 3162 eele-

577 3190 870 3248 berrimus
937 3191 1051 3248 fuit
1118 3190 1498 3267 antiquitatis
1557 3190 1972 3266 investigator.
2064 3190 2393 3268 Postquam
2438 3191 2629 3248 medi-

575 3277 748 3334 cinae
795 3293 1040 3352 operam
1089 3275 1271 3350 dedit,
1319 3276 1458 3334 visit
1502 3275 1771 3349 Italiam,
1820 3276 2168 3348 Graeciam,
2215 3277 2441 3334 Asiam.
2532 3275 2627 3332 De

572 3360 1062 3438 inscriptionibus
1117 3361 1380 3437 antiquis
1440 3360 1631 3418 multa
1674 3378 1862 3437 opera
1906 3359 2128 3434 edidit3
2175 3380 2228 3418 a.
2282 3363 2441 3418 1685
2488 3379 2627 3437 pro-

573 3446 816 3504 dierunt
859 3445 1103 3503 Leonae
1151 3447 1547 3504 Miscellanea
1593 3447 1873 3503 eruditae
1919 3447 2336 3522 antiquitatis.

665 3527 714 3603 ³)
797 3530 1037 3589 Gruteri
1069 3530 1515 3607 Inscriptiones
1550 3535 1844 3608 antiquae
1870 3531 2057 3588 totius
2086 3532 2250 3590 orbis
2280 3532 2629 3589 Romani....

574 3615 929 3694 prodierunt
973 3615 1353 3692 Edelbergae
1400 3634 1452 3671 a.
1509 3617 1688 3672 1606.

661 3703 708 3774 4)
797 3701 954 3758 Jean
1015 3700 1274 3777 Jacques
1333 3700 1616 3758 Boissard
1679 3701 2187 3776 (1528-1602),
2258 3700 2504 3774 Gallus,
2564 3701 2627 3757 in
2694 3762 2703 3768 ,

575 3786 756 3845 Italia
821 3786 1082 3843 vivebat.
1175 3787 1252 3844 Et
1317 3789 1601 3864 poemata
1668 3791 1726 3843 et
1792 3784 2015 3844 multos
2083 3785 2267 3844 libros
2335 3785 2409 3842 de
2456 3785 2629 3842 anti-

575 3871 906 3947 quitatibus
973 3870 1380 3929 Romanorum
1448 3869 1659 3928 edidit.
1746 3869 1965 3927 Nescio
2038 3889 2214 3946 quem
2290 3870 2507 3928 librum
2556 3871 2627 3926 B.

575 3957 674 4014 hic
717 3955 1032 4032 significet.
2451 3957 2463 3960 “

663 4037 714 4114 ³)
803 4039 1202 4116 Marquardus
1249 4039 1476 4098 Gudius
1524 4039 2628 4116 (1635—1689),RendesburgensiS,

576 4127 808 4185 visebat
867 4125 1290 4198 Hollandiam,
1374 4125 1638 4202 praefuit
1708 4125 2115 4184 bibliothecae
2181 4126 2240 4182 in
2310 4125 2632 4200 Holsatia‚

574 4211 795 4271 deinde
839 4211 1085 4269 vivebat
1129 4211 1188 4268 in
1238 4210 1379 4267 aula
1422 4209 1671 4267 Danica.

661 4295 974 4365 Quomodo
1022 4295 1200 4354 Gudii
1244 4313 1427 4352 manu
1472 4295 1696 4372 scripta
1740 4294 1817 4352 ad
1862 4295 2185 4352 Graevium
2218 4295 2637 4372 pervenerint,

571 4384 867 4442 incertum
935 4386 1042 4440 est.
1133 4381 1517 4440 Burmannus
1585 4400 1637 4437 a.
1716 4382 1870 4437 1697
1942 4378 2124 4437 Gudii
2192 4380 2514 4456 epistolae,
2572 4401 2633 4440 a.

579 4470 739 4526 1698
787 4465 916 4526 eius
961 4465 1420 4524 commentarios
1464 4465 1527 4522 in
1574 4464 1916 4522 Phaedrum
1961 4464 2168 4523 edidit.
