2975 5209
1581 499 1669 564 94

599 695 880 762 admetiri
963 696 1170 762 velint.
1267 695 1493 760 Laudo
1581 695 1825 760 interim
1901 693 2344 781 pulcerrimum
2416 691 2644 758 eruditi

600 816 716 880 viri
782 814 1139 900 consilium,
1207 835 1328 902 quo
1391 836 1541 880 sane
1600 815 1836 879 nullum
1894 813 2064 881 aliud
2112 813 2211 878 vel
2260 811 2635 877 fructuosius

602 935 700 1000 vel
774 934 1200 1000 delectabilius
1273 935 1513 1022 concipi
1586 934 1822 1020 possit,
1899 934 2088 999 modo
2144 915 2251 998 ‘res
2300 954 2421 998 non
2475 940 2643 998 esset

599 1055 830 1120 laboris
888 1056 1144 1120 nimium
1205 1056 1400 1141 vasti,
1475 1054 1722 1139 infiniti,
1800 1060 1861 1119 et
1910 1055 2013 1118 vix
2062 1055 2351 1140 cuiquam
2402 1054 2640 1119 exhau-

599 1174 815 1240 riendi.
911 1175 1227 1240 Boneiarii
1257 1175 1577 1262 Epistolas
1611 1175 1919 1239 mitterem
1961 1195 2082 1238 una
2118 1194 2257 1238 cum
2290 1174 2389 1238 his
2425 1174 2643 1259 literis,

600 1294 653 1357 si
724 1294 872 1359 satis
920 1295 1112 1360 fidere
1161 1293 1454 1360 auderem
1504 1294 1650 1359 fidei
1700 1301 2044 1358 nautarum.
2144 1292 2385 1357 Mittam
2438 1299 2649 1358 tamen

506 1488 519 1493 ,
597 1413 705 1477 ubi
775 1413 1084 1499 volueris,
1158 1420 1220 1479 et
1290 1415 1605 1480 hominem
1681 1415 1777 1479 cui
1836 1415 2079 1479 tradam
2126 1419 2362 1478 certum
2411 1411 2647 1477 indica-

599 1531 775 1596 veris.
873 1532 1128 1597 Interim
1201 1533 1278 1598 de
1351 1533 1681 1599 Bonciario
1762 1535 2085 1600 consulere
2133 1533 2367 1620 poteris
2417 1531 2648 1598 Janum

597 1649 846 1716 Nicium
921 1651 1386 1739 Erythraeum,
1439 1654 1863 1719 Pinacotheca
1910 1654 2157 1741 prima,
2209 1673 2465 1717 numero
2518 1654 2647 1738 53,

598 1793 743 1858 pag.
799 1775 921 1858 98,
977 1780 1037 1838 et
1097 1773 1470 1840 Morhofium
1510 1777 1586 1860 ¹),
1654 1775 1729 1839 L.
1790 1780 1867 1861 1,
1942 1774 2249 1860 Polyhist.
2302 1773 2536 1858 Liter.,
2590 1793 2644 1837 c.

604 1893 730 1977 23,
781 1914 844 1978 p.
900 1895 1054 1958 287.
1155 1889 1328 1967 Quos
1377 1917 1593 1960 versus
1643 1894 1725 1958 M.
1756 1894 1948 1959 Furio
1976 1893 2283 1958 Bibaculo
2320 1892 2651 1978 adscripsit

601 2011 900 2099 Vossius,
949 2014 995 2077 ii
1041 2021 1181 2078 sunt
1229 2016 1449 2102 opinor
1497 2015 1579 2081 A.
1632 2013 1805 2080 Furii
1848 2015 2153 2100 Antiatis,
2205 2012 2528 2078 familiaris
2566 2011 2646 2084 Q.

485 2125 492 2134 ’
603 2131 808 2197 Catuli
867 2132 1009 2199 Cos.
1076 2133 1344 2199 Exstant
1402 2135 1709 2221 quaedam
1758 2156 1839 2199 ex
1888 2135 2027 2218 ejus
2076 2132 2428 2197 Annalibus
2476 2130 2645 2216 frag-

601 2258 843 2338 menta,
898 2275 1056 2340 quae
1102 2256 1163 2319 in
1213 2277 1393 2320 suum
1443 2277 1601 2342 opus
1650 2255 1983 2341 Virgilium
2030 2253 2416 2318 transtulisse
2466 2256 2647 2316 nota-

601 2371 686 2435 vit
731 2371 1121 2460 Macrobius,
1175 2374 1249 2440 L.
1283 2379 1379 2461 6.‚
1419 2375 1699 2460 Saturn.,
1738 2396 1789 2439 c.
1833 2380 1889 2439 1.
1930 2374 2169 2448 Quibus
2206 2375 2256 2438 si
2297 2381 2636 2458 componas

599 2512 674 2555 ea
746 2513 903 2578 quae
965 2494 1251 2580 leguntur
1317 2496 1484 2581 apud
1550 2496 1850 2580 Gellium,
1904 2494 1978 2559 L.
2040 2496 2158 2579 18,
2223 2514 2275 2557 c.
2336 2495 2455 2578 11,
2510 2510 2634 2555 non

597 2613 1129 2696 poteris‘inficiari
1179 2616 1322 2702 quin
1373 2615 1658 2700 ejusdem
1708 2637 1780 2680 ac
1828 2615 2005 2678 unius
2041 2613 2247 2678 omnia
2278 2612 2398 2676 sint
2431 2617 2645 2676 aucto-

599 2732 700 2796 ris.
811 2734 1093 2799 Veterem
1141 2742 1394 2820 poe‘tam
1442 2736 1532 2800 ibi
1582 2735 1821 2800 Gellius
1872 2741 2069 2801 vocat.
2169 2732 2265 2796 Ita
2314 2752 2461 2797 vero
2510 2728 2642 2794 Ma-

599 2853 882 2919 crobius:
985 2854 1214 2935 „Quod
1280 2857 1332 2920 si
1403 2861 1562 2922 haec
1610 2857 1874 2922 societas
1924 2862 1984 2920 et
2031 2875 2239 2919 rerum
2287 2851 2640 2917 communio

598 2974 800 3058 poetis
865 2975 1388 3062 scriptoribusque
1439 2976 1724 3040 omnibus
1773 2977 1929 3043 inter
1979 2996 2047 3039 se
2099 2971 2447 3040 exercenda
2497 2990 2643 3034 con-

600 3114 777 3157 cessa
826 3101 949 3180 est-3
1005 3095 1138 3181 quis
1186 3095 1388 3160 fraudi
1435 3095 1703 3181 Virgilio
1741 3102 1974 3180 vortat,
2028 3095 2081 3158 si
2114 3093 2194 3157 ad
2231 3089 2641 3156 excolendum

596 3233 664 3277 se
729 3216 1038 3300 quaedam
1102 3215 1181 3280 ab
1250 3216 1693 3302 antiquioribus
1766 3222 2074 3280 mutuatus
2126 3213 2248 3277 sit?
2298 3211 2397 3276 cui
2448 3210 2634 3275 etiam

597 3337 797 3420 gratia
845 3336 1134 3400 habenda
1185 3344 1312 3422 est,
1368 3336 1536 3423 quod
1584 3337 1877 3401 nonnulla
1925 3336 1983 3398 in
2036 3355 2191 3422 opus
2228 3354 2436 3416 suum,
2476 3329 2643 3416 quod

599 3461 844 3535 aeterno
899 3477 1255 3521 mansurum
1306 3463 1434 3543 est,
1480 3456 1905 3522 transferendo
1939 3455 2086 3520 fecit
2117 3476 2193 3519 ne
2228 3454 2476 3518 omnino
2512 3471 2643 3514 me-

594 3575 793 3640 moria
858 3583 1136 3641 veterum
1205 3576 1554 3643 deleretur:
1622 3599 1775 3663 quos
1839 3577 1994 3640 sicut
2060 3595 2356 3660 praesens
2412 3589 2631 3636 sensus

597 3695 889 3782 ostendit,
943 3717 1061 3761 non
1113 3697 1315 3762 solum
1363 3698 1705 3783 neglectui,
1759 3718 1973 3761 verum
2007 3695 2193 3760 etiam
2226 3693 2375 3758 risui
2407 3689 2645 3755 habere

589 3814 726 3898 jam
754 3816 1137 3902 coepimus.”
1167 3817 1329 3883 Risit
1353 3825 1519 3884 certe
1543 3817 1861 3902 Horatius,
1890 3817 1963 3880 L.
2009 3818 2085 3901 2,
2130 3814 2257 3878 Sat.
2286 3815 2329 3877 5
2355 3863 2372 3898 ,
2406 3810 2484 3875 V.
2518 3811 2638 3875 40:

693 4095 736 4173 ¹)
780 4097 999 4160 Daniel
1043 4098 1286 4161 Mor-hof
1325 4101 1818 4178 (1639—1691),
1863 4105 2043 4161 natus
2066 4097 2367 4172 Lubecae‚
2398 4093 2644 4171 saepius

595 4186 854 4261 patriam
897 4193 1164 4247 nostram
1208 4188 1458 4248 visebat.
1550 4188 1860 4247 Professor
1892 4192 2127 4245 creatus
2152 4183 2391 4242 Kieliae
2416 4180 2641 4239 multos

595 4271 783 4330 libros
803 4273 974 4349 prelo
1005 4274 1345 4349 mandavit,
1374 4293 1406 4332 e
1438 4274 1656 4350 quibus
1687 4273 1809 4348 ille,
1843 4273 1940 4332 cui
1970 4271 2211 4332 titulus:
2264 4267 2645 4344 Polyhistor,

599 4359 726 4414 sive
750 4361 822 4416 de
844 4360 1061 4416 notitia
1086 4367 1396 4418 auctorum
1421 4367 1474 4418 et
1499 4379 1705 4438 rerum
1730 4358 2171 4431 commentarii,
2203 4353 2644 4425 1688—-1692,

598 4443 673 4500 ad
730 4444 1040 4504 historiam
1099 4445 1457 4504 litterariam
1504 4445 1631 4504 eius
1675 4444 1958 4522 temporis
2004 4439 2479 4521 cognoscendam
2523 4437 2646 4496 uti-

597 4532 860 4592 lissimus
906 4536 1016 4592 est.
