<?xml version="1.0" encoding="UTF-8"?>
<!DOCTYPE html PUBLIC "-//W3C//DTD XHTML 1.0 Transitional//EN"
    "http://www.w3.org/TR/xhtml1/DTD/xhtml1-transitional.dtd">
<html xmlns="http://www.w3.org/1999/xhtml" xml:lang="en" lang="en">
 <head>
  <title>
</title>
<meta http-equiv="Content-Type" content="text/html;charset=utf-8" />
  <meta name='ocr-system' content='tesseract 3.04.00' />
  <meta name='ocr-capabilities' content='ocr_page ocr_carea ocr_par ocr_line ocrx_word'/>
</head>
<body>
  <div class='ocr_page' id='page_1' title='image "./epistolaeselect00worpgoog_0152.png"; bbox 0 0 2975 5209; ppageno 0'>
   <div class='ocr_carea' id='block_1_1' title="bbox 1467 469 1597 532">
    <p class='ocr_par' dir='ltr' id='par_1_1' title="bbox 1467 469 1597 532">
     <span class='ocr_line' id='line_1_1' title="bbox 1467 469 1597 532; baseline 0 -1"><span class='ocrx_word' id='word_1_1' title='bbox 1467 469 1597 532; x_wconf 88' lang='lat'>138</span> 
     </span>
    </p>
   </div>
   <div class='ocr_carea' id='block_1_2' title="bbox 1467 666 1616 728">
    <p class='ocr_par' dir='ltr' id='par_1_2' title="bbox 1467 666 1616 728">
     <span class='ocr_line' id='line_1_2' title="bbox 1467 666 1616 728; baseline 0.013 -2"><span class='ocrx_word' id='word_1_2' title='bbox 1467 666 1616 728; x_wconf 89' lang='grc'><strong>116.</strong></span> 
     </span>
    </p>
   </div>
   <div class='ocr_carea' id='block_1_3' title="bbox 1147 801 1921 978">
    <p class='ocr_par' dir='ltr' id='par_1_3' title="bbox 1147 801 1921 978">
     <span class='ocr_line' id='line_1_3' title="bbox 1147 801 1921 888; baseline -0.003 -20"><span class='ocrx_word' id='word_1_3' title='bbox 1147 804 1340 868; x_wconf 78' lang='lat' dir='ltr'>loanni</span> <span class='ocrx_word' id='word_1_4' title='bbox 1388 802 1633 888; x_wconf 67' lang='lat' dir='ltr'>Geor-uio</span> <span class='ocrx_word' id='word_1_5' title='bbox 1680 801 1921 866; x_wconf 78' lang='lat' dir='ltr'>Graevio</span> 
     </span>
     <span class='ocr_line' id='line_1_4' title="bbox 1236 913 1850 978; baseline -0.002 0"><span class='ocrx_word' id='word_1_6' title='bbox 1236 916 1404 978; x_wconf 78' lang='lat' dir='ltr'>lanus</span> <span class='ocrx_word' id='word_1_7' title='bbox 1449 913 1850 978; x_wconf 68' lang='lat' dir='ltr'>Broukhusiua</span> 
     </span>
    </p>
   </div>
   <div class='ocr_carea' id='block_1_4' title="bbox 431 1063 2559 1624">
    <p class='ocr_par' dir='ltr' id='par_1_4' title="bbox 431 1063 2559 1624">
     <span class='ocr_line' id='line_1_5' title="bbox 629 1063 2559 1164; baseline 0.002 -23"><span class='ocrx_word' id='word_1_8' title='bbox 629 1077 1038 1144; x_wconf 78' lang='lat' dir='ltr'>Commendat</span> <span class='ocrx_word' id='word_1_9' title='bbox 1133 1079 1408 1144; x_wconf 82' lang='lat' dir='ltr'>Graevio</span> <span class='ocrx_word' id='word_1_10' title='bbox 1501 1063 1764 1163; x_wconf 70' lang='lat' dir='ltr'>Italum,</span> <span class='ocrx_word' id='word_1_11' title='bbox 1860 1079 2165 1145; x_wconf 89' lang='lat' dir='ltr'>Joannem</span> <span class='ocrx_word' id='word_1_12' title='bbox 2240 1079 2559 1164; x_wconf 86' lang='lat' dir='ltr'>Angelum</span> 
     </span>
     <span class='ocr_line' id='line_1_6' title="bbox 515 1177 2557 1286; baseline -0.001 -22"><span class='ocrx_word' id='word_1_13' title='bbox 515 1199 808 1264; x_wconf 84' lang='lat' dir='ltr'>Berniam</span> <span class='ocrx_word' id='word_1_14' title='bbox 850 1203 891 1285; x_wconf 92' lang='lat'>¹)</span> <span class='ocrx_word' id='word_1_15' title='bbox 965 1201 1248 1284; x_wconf 85' lang='lat' dir='ltr'>nomine,</span> <span class='ocrx_word' id='word_1_16' title='bbox 1326 1177 1646 1264; x_wconf 80' lang='lat' dir='ltr'>doctorem</span> <span class='ocrx_word' id='word_1_17' title='bbox 1720 1199 2145 1285; x_wconf 81' lang='lat' dir='ltr'>Theologiae‚</span> <span class='ocrx_word' id='word_1_18' title='bbox 2218 1201 2321 1286; x_wconf 91' lang='lat' dir='ltr'>qui</span> <span class='ocrx_word' id='word_1_19' title='bbox 2368 1200 2557 1263; x_wconf 88' lang='lat' dir='ltr'>fidem</span> 
     </span>
     <span class='ocr_line' id='line_1_7' title="bbox 507 1319 2559 1404; baseline 0 -21"><span class='ocrx_word' id='word_1_20' title='bbox 507 1322 764 1383; x_wconf 84' lang='lat' dir='ltr'>mutavit</span> <span class='ocrx_word' id='word_1_21' title='bbox 815 1329 872 1384; x_wconf 87' lang='lat' dir='ltr'>et</span> <span class='ocrx_word' id='word_1_22' title='bbox 925 1321 1101 1383; x_wconf 87' lang='lat' dir='ltr'>exsul</span> <span class='ocrx_word' id='word_1_23' title='bbox 1156 1320 1382 1384; x_wconf 83' lang='lat' dir='ltr'>frustra</span> <span class='ocrx_word' id='word_1_24' title='bbox 1435 1340 1501 1381; x_wconf 83' lang='lat' dir='ltr'>se</span> <span class='ocrx_word' id='word_1_25' title='bbox 1548 1340 1846 1404; x_wconf 86' lang='lat' dir='ltr'>suamque</span> <span class='ocrx_word' id='word_1_26' title='bbox 1881 1319 2180 1383; x_wconf 85' lang='lat' dir='ltr'>familiam</span> <span class='ocrx_word' id='word_1_27' title='bbox 2214 1328 2559 1384; x_wconf 74' lang='lat' dir='ltr'>sustentare</span> 
     </span>
     <span class='ocr_line' id='line_1_8' title="bbox 431 1428 2548 1526; baseline 0 -24"><span class='ocrx_word' id='word_1_28' title='bbox 431 1428 441 1434; x_wconf 52' lang='lat'><em>⁷</em></span> <span class='ocrx_word' id='word_1_29' title='bbox 499 1448 753 1502; x_wconf 89' lang='lat' dir='ltr'>conatus</span> <span class='ocrx_word' id='word_1_30' title='bbox 823 1450 916 1504; x_wconf 86' lang='lat' dir='ltr'>est</span> <span class='ocrx_word' id='word_1_31' title='bbox 983 1441 1192 1526; x_wconf 89' lang='lat' dir='ltr'>lingua</span> <span class='ocrx_word' id='word_1_32' title='bbox 1253 1439 1471 1503; x_wconf 86' lang='lat' dir='ltr'>Italica</span> <span class='ocrx_word' id='word_1_33' title='bbox 1523 1439 1822 1503; x_wconf 87' lang='lat' dir='ltr'>docenda.</span> <span class='ocrx_word' id='word_1_34' title='bbox 1926 1439 2223 1505; x_wconf 77' lang='lat' dir='ltr'>Fortasse</span> <span class='ocrx_word' id='word_1_35' title='bbox 2276 1439 2548 1503; x_wconf 79' lang='lat' dir='ltr'>Traiecti</span> 
     </span>
     <span class='ocr_line' id='line_1_9' title="bbox 499 1555 2555 1624; baseline 0.001 -4"><span class='ocrx_word' id='word_1_36' title='bbox 499 1555 561 1621; x_wconf 90' lang='lat' dir='ltr'>in</span> <span class='ocrx_word' id='word_1_37' title='bbox 613 1559 964 1622; x_wconf 87' lang='lat' dir='ltr'>erudiendis</span> <span class='ocrx_word' id='word_1_38' title='bbox 1014 1558 1303 1623; x_wconf 83' lang='lat' dir='ltr'>studiosis</span> <span class='ocrx_word' id='word_1_39' title='bbox 1353 1560 1482 1622; x_wconf 88' lang='lat' dir='ltr'>eius</span> <span class='ocrx_word' id='word_1_40' title='bbox 1536 1559 1717 1622; x_wconf 88' lang='lat' dir='ltr'>labor</span> <span class='ocrx_word' id='word_1_41' title='bbox 1768 1561 1988 1624; x_wconf 89' lang='lat' dir='ltr'>melius</span> <span class='ocrx_word' id='word_1_42' title='bbox 2040 1569 2099 1623; x_wconf 90' lang='lat' dir='ltr'>et</span> <span class='ocrx_word' id='word_1_43' title='bbox 2132 1581 2555 1624; x_wconf 81' lang='lat' dir='ltr'>successurus.</span> 
     </span>
    </p>
   </div>
   <div class='ocr_carea' id='block_1_5' title="bbox 593 1677 1845 1766">
    <p class='ocr_par' dir='ltr' id='par_1_5' title="bbox 593 1677 1845 1766">
     <span class='ocr_line' id='line_1_10' title="bbox 593 1677 1845 1766; baseline 0 -24"><span class='ocrx_word' id='word_1_44' title='bbox 593 1677 1068 1744; x_wconf 84' lang='lat' dir='ltr'>Amstelodami.</span> <span class='ocrx_word' id='word_1_45' title='bbox 1126 1682 1224 1766; x_wconf 42' lang='lat'>20,</span> <span class='ocrx_word' id='word_1_46' title='bbox 1265 1679 1583 1765; x_wconf 80' lang='lat' dir='ltr'><strong>Septemb.</strong></span> <span class='ocrx_word' id='word_1_47' title='bbox 1651 1683 1845 1745; x_wconf 88' lang='grc'><strong>1697.</strong></span> 
     </span>
    </p>
   </div>
   <div class='ocr_carea' id='block_1_6' title="bbox 1323 1823 1737 1842">
    <p class='ocr_par' dir='ltr' id='par_1_6' title="bbox 1323 1823 1737 1842">
     <span class='ocr_line' id='line_1_11' title="bbox 1323 1823 1737 1842; baseline 0.002 -2"><span class='ocrx_word' id='word_1_48' title='bbox 1323 1823 1737 1842; x_wconf 54' lang='grc' dir='ltr'>ΜΙΜΜΝΧΜΛΝ</span> 
     </span>
    </p>
   </div>
   <div class='ocr_carea' id='block_1_7' title="bbox 1405 1901 1665 1967">
    <p class='ocr_par' dir='ltr' id='par_1_7' title="bbox 1405 1901 1665 1967">
     <span class='ocr_line' id='line_1_12' title="bbox 1405 1901 1665 1967; baseline -0.004 0"><span class='ocrx_word' id='word_1_49' title='bbox 1405 1901 1665 1967; x_wconf 80' lang='lat' dir='ltr'><strong>CXVII.</strong></span> 
     </span>
    </p>
   </div>
   <div class='ocr_carea' id='block_1_8' title="bbox 1147 2042 1917 2220">
    <p class='ocr_par' dir='ltr' id='par_1_8' title="bbox 1147 2042 1917 2220">
     <span class='ocr_line' id='line_1_13' title="bbox 1147 2042 1917 2126; baseline -0.003 -18"><span class='ocrx_word' id='word_1_50' title='bbox 1147 2045 1334 2108; x_wconf 79' lang='lat' dir='ltr'>loanni</span> <span class='ocrx_word' id='word_1_51' title='bbox 1381 2043 1627 2126; x_wconf 73' lang='lat' dir='ltr'>Geor-ulo</span> <span class='ocrx_word' id='word_1_52' title='bbox 1674 2042 1917 2107; x_wconf 77' lang='lat' dir='ltr'>Graevio</span> 
     </span>
     <span class='ocr_line' id='line_1_14' title="bbox 1230 2156 1845 2220; baseline -0.002 0"><span class='ocrx_word' id='word_1_53' title='bbox 1230 2157 1399 2220; x_wconf 82' lang='lat' dir='ltr'>lanus</span> <span class='ocrx_word' id='word_1_54' title='bbox 1443 2156 1845 2220; x_wconf 79' lang='lat' dir='ltr'>Broukhusius.</span> 
     </span>
    </p>
   </div>
   <div class='ocr_carea' id='block_1_9' title="bbox 495 2294 2639 3458">
    <p class='ocr_par' dir='ltr' id='par_1_9' title="bbox 495 2294 2639 3458">
     <span class='ocr_line' id='line_1_15' title="bbox 607 2294 2549 2380; baseline -0.001 -20"><span class='ocrx_word' id='word_1_55' title='bbox 607 2295 1059 2360; x_wconf 82' lang='lat' dir='ltr'><strong>Callimachum</strong></span> <span class='ocrx_word' id='word_1_56' title='bbox 1133 2302 1302 2359; x_wconf 88' lang='lat' dir='ltr'>tuum</span> <span class='ocrx_word' id='word_1_57' title='bbox 1338 2298 1410 2380; x_wconf 80' lang='lat'>2),</span> <span class='ocrx_word' id='word_1_58' title='bbox 1483 2294 1600 2359; x_wconf 90' lang='lat' dir='ltr'>Vir</span> <span class='ocrx_word' id='word_1_59' title='bbox 1674 2295 2079 2380; x_wconf 79' lang='lat' dir='ltr'>Clarissima,</span> <span class='ocrx_word' id='word_1_60' title='bbox 2133 2316 2361 2380; x_wconf 80' lang='lat' dir='ltr'>magna</span> <span class='ocrx_word' id='word_1_61' title='bbox 2409 2317 2549 2358; x_wconf 92' lang='lat' dir='ltr'>cum</span> 
     </span>
     <span class='ocr_line' id='line_1_16' title="bbox 501 2414 2548 2501; baseline -0 -23"><span class='ocrx_word' id='word_1_62' title='bbox 501 2416 688 2479; x_wconf 88' lang='lat' dir='ltr'>animi</span> <span class='ocrx_word' id='word_1_63' title='bbox 752 2416 987 2481; x_wconf 85' lang='lat' dir='ltr'>laetitia</span> <span class='ocrx_word' id='word_1_64' title='bbox 1035 2429 1203 2480; x_wconf 88' lang='lat' dir='ltr'>recte</span> <span class='ocrx_word' id='word_1_65' title='bbox 1253 2415 1505 2501; x_wconf 85' lang='lat' dir='ltr'>accepi,</span> <span class='ocrx_word' id='word_1_66' title='bbox 1560 2436 1780 2478; x_wconf 88' lang='lat' dir='ltr'>munus</span> <span class='ocrx_word' id='word_1_67' title='bbox 1833 2414 2271 2500; x_wconf 84' lang='lat' dir='ltr'>splendidum,</span> <span class='ocrx_word' id='word_1_68' title='bbox 2325 2422 2385 2478; x_wconf 87' lang='lat' dir='ltr'>et</span> <span class='ocrx_word' id='word_1_69' title='bbox 2432 2436 2548 2478; x_wconf 92' lang='lat' dir='ltr'>suo</span> 
     </span>
     <span class='ocr_line' id='line_1_17' title="bbox 501 2534 2547 2621; baseline 0 -23"><span class='ocrx_word' id='word_1_70' title='bbox 501 2543 750 2598; x_wconf 89' lang='lat' dir='ltr'>auctore</span> <span class='ocrx_word' id='word_1_71' title='bbox 810 2535 1082 2620; x_wconf 89' lang='lat' dir='ltr'>dignum.</span> <span class='ocrx_word' id='word_1_72' title='bbox 1183 2535 1309 2600; x_wconf 85' lang='lat' dir='ltr'>Pro</span> <span class='ocrx_word' id='word_1_73' title='bbox 1361 2557 1483 2621; x_wconf 89' lang='lat' dir='ltr'>quo</span> <span class='ocrx_word' id='word_1_74' title='bbox 1534 2536 1585 2598; x_wconf 91' lang='lat' dir='ltr'>si</span> <span class='ocrx_word' id='word_1_75' title='bbox 1636 2534 1746 2598; x_wconf 88' lang='lat' dir='ltr'>tibi</span> <span class='ocrx_word' id='word_1_76' title='bbox 1794 2536 2023 2620; x_wconf 81' lang='lat' dir='ltr'>gratias</span> <span class='ocrx_word' id='word_1_77' title='bbox 2076 2555 2299 2620; x_wconf 75' lang='lat' dir='ltr'>eget-0,</span> <span class='ocrx_word' id='word_1_78' title='bbox 2354 2556 2547 2620; x_wconf 89' lang='lat' dir='ltr'>quan-</span> 
     </span>
     <span class='ocr_line' id='line_1_18' title="bbox 499 2635 2552 2742; baseline 0 -24"><span class='ocrx_word' id='word_1_79' title='bbox 499 2661 592 2718; x_wconf 86' lang='lat' dir='ltr'>tas</span> <span class='ocrx_word' id='word_1_80' title='bbox 643 2655 893 2740; x_wconf 87' lang='lat' dir='ltr'>quidem</span> <span class='ocrx_word' id='word_1_81' title='bbox 943 2656 1140 2720; x_wconf 89' lang='lat' dir='ltr'>sentio</span> <span class='ocrx_word' id='word_1_82' title='bbox 1189 2677 1290 2720; x_wconf 89' lang='lat' dir='ltr'>me</span> <span class='ocrx_word' id='word_1_83' title='bbox 1339 2656 1603 2740; x_wconf 83' lang='lat' dir='ltr'>debere,</span> <span class='ocrx_word' id='word_1_84' title='bbox 1658 2635 1802 2742; x_wconf 83' lang='lat' dir='ltr'>quid</span> <span class='ocrx_word' id='word_1_85' title='bbox 1852 2655 2019 2719; x_wconf 88' lang='lat' dir='ltr'>aliud</span> <span class='ocrx_word' id='word_1_86' title='bbox 2072 2653 2378 2738; x_wconf 86' lang='lat' dir='ltr'>effecero,</span> <span class='ocrx_word' id='word_1_87' title='bbox 2432 2654 2552 2718; x_wconf 87' lang='lat' dir='ltr'>nisi</span> 
     </span>
     <span class='ocr_line' id='line_1_19' title="bbox 499 2773 2538 2860; baseline 0 -24"><span class='ocrx_word' id='word_1_88' title='bbox 499 2773 665 2858; x_wconf 93' lang='lat' dir='ltr'>quod</span> <span class='ocrx_word' id='word_1_89' title='bbox 726 2774 1001 2859; x_wconf 88' lang='lat' dir='ltr'>inopiam</span> <span class='ocrx_word' id='word_1_90' title='bbox 1066 2775 1293 2859; x_wconf 89' lang='lat' dir='ltr'>ingenii</span> <span class='ocrx_word' id='word_1_91' title='bbox 1362 2775 1727 2838; x_wconf 77' lang='lat' dir='ltr'>nudavero?</span> <span class='ocrx_word' id='word_1_92' title='bbox 1800 2774 1895 2837; x_wconf 85' lang='lat' dir='ltr'>Tu</span> <span class='ocrx_word' id='word_1_93' title='bbox 1948 2775 2139 2858; x_wconf 83' lang='lat' dir='ltr'>nosti,</span> <span class='ocrx_word' id='word_1_94' title='bbox 2193 2774 2277 2837; x_wconf 89' lang='lat' dir='ltr'>mi</span> <span class='ocrx_word' id='word_1_95' title='bbox 2326 2789 2538 2860; x_wconf 82' lang='lat' dir='ltr'>pater,</span> 
     </span>
     <span class='ocr_line' id='line_1_20' title="bbox 501 2892 2549 2980; baseline 0 -23"><span class='ocrx_word' id='word_1_96' title='bbox 501 2893 620 2958; x_wconf 91' lang='lat' dir='ltr'>hoc</span> <span class='ocrx_word' id='word_1_97' title='bbox 706 2901 960 2980; x_wconf 81' lang='lat' dir='ltr'>pectus3</span> <span class='ocrx_word' id='word_1_98' title='bbox 1038 2916 1227 2980; x_wconf 90' lang='lat' dir='ltr'>quum</span> <span class='ocrx_word' id='word_1_99' title='bbox 1298 2895 1565 2980; x_wconf 90' lang='lat' dir='ltr'>plurima</span> <span class='ocrx_word' id='word_1_100' title='bbox 1638 2893 1907 2958; x_wconf 84' lang='lat' dir='ltr'>debeam</span> <span class='ocrx_word' id='word_1_101' title='bbox 1979 2892 2389 2958; x_wconf 87' lang='lat' dir='ltr'>effusissimae</span> <span class='ocrx_word' id='word_1_102' title='bbox 2454 2896 2549 2958; x_wconf 89' lang='lat' dir='ltr'>illi</span> 
     </span>
     <span class='ocr_line' id='line_1_21' title="bbox 497 3001 2639 3112; baseline 0.002 -36"><span class='ocrx_word' id='word_1_103' title='bbox 497 3018 641 3077; x_wconf 87' lang='lat' dir='ltr'>tuae</span> <span class='ocrx_word' id='word_1_104' title='bbox 709 3034 858 3098; x_wconf 86' lang='lat' dir='ltr'>erga</span> <span class='ocrx_word' id='word_1_105' title='bbox 925 3001 1025 3078; x_wconf 83' lang='lat' dir='ltr'>me</span> <span class='ocrx_word' id='word_1_106' title='bbox 1095 3015 1398 3100; x_wconf 81' lang='lat' dir='ltr'>comitati,</span> <span class='ocrx_word' id='word_1_107' title='bbox 1475 3023 1681 3079; x_wconf 89' lang='lat' dir='ltr'>tamen</span> <span class='ocrx_word' id='word_1_108' title='bbox 1748 3014 1931 3100; x_wconf 81' lang='lat' dir='ltr'>plura</span> <span class='ocrx_word' id='word_1_109' title='bbox 1996 3035 2245 3100; x_wconf 89' lang='lat' dir='ltr'>semper</span> <span class='ocrx_word' id='word_1_110' title='bbox 2314 3011 2545 3080; x_wconf 85' lang='lat' dir='ltr'>debere</span> <span class='ocrx_word' id='word_1_111' title='bbox 2630 3105 2639 3112; x_wconf 24' lang='grc' dir='ltr'><strong><em>ι</em></strong></span> 
     </span>
     <span class='ocr_line' id='line_1_22' title="bbox 499 3111 2545 3219; baseline 0.001 -24"><span class='ocrx_word' id='word_1_112' title='bbox 499 3133 661 3196; x_wconf 88' lang='lat' dir='ltr'>volo.</span> <span class='ocrx_word' id='word_1_113' title='bbox 760 3131 1162 3217; x_wconf 84' lang='lat' dir='ltr'>Adjunxeras</span> <span class='ocrx_word' id='word_1_114' title='bbox 1218 3133 1613 3219; x_wconf 84' lang='lat' dir='ltr'>Propertium</span> <span class='ocrx_word' id='word_1_115' title='bbox 1664 3155 1803 3197; x_wconf 91' lang='lat' dir='ltr'>cum</span> <span class='ocrx_word' id='word_1_116' title='bbox 1852 3111 2011 3198; x_wconf 82' lang='lat' dir='ltr'>libro</span> <span class='ocrx_word' id='word_1_117' title='bbox 2061 3135 2467 3198; x_wconf 84' lang='lat' dir='ltr'>Borrichiano</span> <span class='ocrx_word' id='word_1_118' title='bbox 2498 3137 2545 3218; x_wconf 78' lang='grc'>3)</span> 
     </span>
     <span class='ocr_line' id='line_1_23' title="bbox 495 3251 2534 3338; baseline 0.001 -24"><span class='ocrx_word' id='word_1_119' title='bbox 495 3251 828 3334; x_wconf 85' lang='lat' dir='ltr'>collatum,</span> <span class='ocrx_word' id='word_1_120' title='bbox 879 3253 1261 3336; x_wconf 85' lang='lat' dir='ltr'>gratissimas</span> <span class='ocrx_word' id='word_1_121' title='bbox 1311 3254 1529 3338; x_wconf 85' lang='lat' dir='ltr'>epulas</span> <span class='ocrx_word' id='word_1_122' title='bbox 1578 3253 1865 3317; x_wconf 85' lang='lat' dir='ltr'>famelico</span> <span class='ocrx_word' id='word_1_123' title='bbox 1901 3254 2231 3338; x_wconf 83' lang='lat' dir='ltr'>convivae,</span> <span class='ocrx_word' id='word_1_124' title='bbox 2286 3254 2383 3316; x_wconf 89' lang='lat' dir='ltr'>cui</span> <span class='ocrx_word' id='word_1_125' title='bbox 2417 3254 2534 3316; x_wconf 84' lang='lat' dir='ltr'>uti·</span> 
     </span>
     <span class='ocr_line' id='line_1_24' title="bbox 497 3371 2541 3458; baseline 0 -23"><span class='ocrx_word' id='word_1_126' title='bbox 497 3393 640 3435; x_wconf 89' lang='lat' dir='ltr'>nam</span> <span class='ocrx_word' id='word_1_127' title='bbox 710 3373 923 3458; x_wconf 86' lang='lat' dir='ltr'>plures</span> <span class='ocrx_word' id='word_1_128' title='bbox 988 3373 1050 3436; x_wconf 87' lang='lat' dir='ltr'>id</span> <span class='ocrx_word' id='word_1_129' title='bbox 1124 3395 1318 3458; x_wconf 86' lang='lat' dir='ltr'>genus</span> <span class='ocrx_word' id='word_1_130' title='bbox 1396 3373 1655 3438; x_wconf 80' lang='lat' dir='ltr'>deliciae</span> <span class='ocrx_word' id='word_1_131' title='bbox 1731 3373 2067 3457; x_wconf 83' lang='lat' dir='ltr'>obtingant.</span> <span class='ocrx_word' id='word_1_132' title='bbox 2170 3371 2541 3437; x_wconf 83' lang='lat' dir='ltr'>Describam</span> 
     </span>
    </p>
   </div>
   <div class='ocr_carea' id='block_1_10' title="bbox 496 3495 904 3512">
    <p class='ocr_par' dir='ltr' id='par_1_10' title="bbox 496 3495 904 3512">
     <span class='ocr_line' id='line_1_25' title="bbox 496 3495 904 3512; baseline 0 1697"><span class='ocrx_word' id='word_1_133' title='bbox 496 3495 904 3512; x_wconf 95' lang='lat' dir='ltr'> </span> 
     </span>
    </p>
   </div>
   <div class='ocr_carea' id='block_1_11' title="bbox 495 3541 2537 3704">
    <p class='ocr_par' dir='ltr' id='par_1_11' title="bbox 495 3541 2537 3704">
     <span class='ocr_line' id='line_1_26' title="bbox 497 3541 2535 3601; baseline -0.001 -1"><span class='ocrx_word' id='word_1_134' title='bbox 497 3547 696 3600; x_wconf 88' lang='lat' dir='ltr'>tamen</span> <span class='ocrx_word' id='word_1_135' title='bbox 745 3541 1036 3600; x_wconf 83' lang='lat' dir='ltr'>Ordinum</span> <span class='ocrx_word' id='word_1_136' title='bbox 1083 3542 1450 3600; x_wconf 85' lang='lat' dir='ltr'>Hollandiae</span> <span class='ocrx_word' id='word_1_137' title='bbox 1497 3548 1586 3601; x_wconf 85' lang='lat' dir='ltr'>est</span> <span class='ocrx_word' id='word_1_138' title='bbox 1632 3542 1686 3598; x_wconf 93' lang='lat' dir='ltr'>d</span> <span class='ocrx_word' id='word_1_139' title='bbox 1734 3543 1921 3599; x_wconf 90' lang='lat' dir='ltr'>XXX</span> <span class='ocrx_word' id='word_1_140' title='bbox 1966 3541 2114 3600; x_wconf 88' lang='lat' dir='ltr'>Julii</span> <span class='ocrx_word' id='word_1_141' title='bbox 2161 3541 2305 3600; x_wconf 88' lang='lat' dir='ltr'>anni</span> <span class='ocrx_word' id='word_1_142' title='bbox 2356 3543 2535 3599; x_wconf 90' lang='grc'><strong>1697.</strong></span> 
     </span>
     <span class='ocr_line' id='line_1_27' title="bbox 495 3626 2537 3704; baseline 0 -20"><span class='ocrx_word' id='word_1_143' title='bbox 495 3629 562 3684; x_wconf 93' lang='grc' dir='ltr'>Β.</span> <span class='ocrx_word' id='word_1_144' title='bbox 611 3645 850 3686; x_wconf 85' lang='lat' dir='ltr'>carmen</span> <span class='ocrx_word' id='word_1_145' title='bbox 897 3628 1228 3704; x_wconf 87' lang='lat' dir='ltr'>composuit</span> <span class='ocrx_word' id='word_1_146' title='bbox 1272 3627 1326 3684; x_wconf 89' lang='lat' dir='ltr'>d.</span> <span class='ocrx_word' id='word_1_147' title='bbox 1375 3629 1501 3685; x_wconf 92' lang='lat' dir='ltr'>XII</span> <span class='ocrx_word' id='word_1_148' title='bbox 1546 3628 1701 3704; x_wconf 87' lang='lat' dir='ltr'>Aug.</span> <span class='ocrx_word' id='word_1_149' title='bbox 1756 3631 1934 3685; x_wconf 91' lang='grc'><strong>1697.</strong></span> <span class='ocrx_word' id='word_1_150' title='bbox 2023 3627 2175 3685; x_wconf 90' lang='lat' dir='ltr'>Inde</span> <span class='ocrx_word' id='word_1_151' title='bbox 2222 3626 2537 3704; x_wconf 90' lang='lat' dir='ltr'>epistolam</span> 
     </span>
    </p>
   </div>
   <div class='ocr_carea' id='block_1_12' title="bbox 425 3713 2541 3874">
    <p class='ocr_par' dir='ltr' id='par_1_12' title="bbox 425 3713 2513 3874">
     <span class='ocr_line' id='line_1_28' title="bbox 425 3713 1439 3790; baseline 0 -20"><span class='ocrx_word' id='word_1_152' title='bbox 425 3727 432 3734; x_wconf 76' lang='lat'><em>&#39;</em></span> <span class='ocrx_word' id='word_1_153' title='bbox 495 3713 812 3790; x_wconf 86' lang='lat' dir='ltr'>Rotgansii</span> <span class='ocrx_word' id='word_1_154' title='bbox 857 3713 971 3771; x_wconf 89' lang='lat' dir='ltr'>hoc</span> <span class='ocrx_word' id='word_1_155' title='bbox 1016 3713 1148 3772; x_wconf 88' lang='lat' dir='ltr'>loco</span> <span class='ocrx_word' id='word_1_156' title='bbox 1194 3714 1439 3772; x_wconf 87' lang='lat' dir='ltr'>inserui.</span> 
     </span>
     <span class='ocr_line' id='line_1_29' title="bbox 594 3786 2541 3874; baseline -0.002 -18"><span class='ocrx_word' id='word_1_157' title='bbox 594 3796 633 3872; x_wconf 90' lang='grc' dir='ltr'>Ι)</span> <span class='ocrx_word' id='word_1_158' title='bbox 721 3799 937 3856; x_wconf 88' lang='lat' dir='ltr'>Nescio</span> <span class='ocrx_word' id='word_1_159' title='bbox 985 3786 1117 3874; x_wconf 91' lang='lat' dir='ltr'>quis</span> <span class='ocrx_word' id='word_1_160' title='bbox 1159 3798 1359 3857; x_wconf 86' lang='lat' dir='ltr'>fuerit.</span> <span class='ocrx_word' id='word_1_161' title='bbox 1405 3799 1476 3856; x_wconf 89' lang='lat' dir='ltr'>A.</span> <span class='ocrx_word' id='word_1_162' title='bbox 1535 3800 1691 3855; x_wconf 90' lang='grc'><strong>1697</strong></span> <span class='ocrx_word' id='word_1_163' title='bbox 1739 3799 2049 3856; x_wconf 88' lang='lat' dir='ltr'>Johannes</span> <span class='ocrx_word' id='word_1_164' title='bbox 2090 3797 2365 3874; x_wconf 86' lang='lat' dir='ltr'>Angelus</span> <span class='ocrx_word' id='word_1_165' title='bbox 2397 3798 2541 3854; x_wconf 85' lang='lat' dir='ltr'>Ber-</span> 
     </span>
    </p>
   </div>
   <div class='ocr_carea' id='block_1_13' title="bbox 500 3883 2539 3958">
    <p class='ocr_par' dir='ltr' id='par_1_13' title="bbox 500 3883 2539 3958">
     <span class='ocr_line' id='line_1_30' title="bbox 500 3883 2539 3958; baseline 0 -19"><span class='ocrx_word' id='word_1_166' title='bbox 500 3883 703 3956; x_wconf 88' lang='lat' dir='ltr'>niera,</span> <span class='ocrx_word' id='word_1_167' title='bbox 756 3884 945 3942; x_wconf 88' lang='lat' dir='ltr'>Italus</span> <span class='ocrx_word' id='word_1_168' title='bbox 989 3885 1408 3958; x_wconf 83' lang='lat' dir='ltr'>Bononiensis,</span> <span class='ocrx_word' id='word_1_169' title='bbox 1433 3885 1496 3941; x_wconf 89' lang='lat' dir='ltr'>in</span> <span class='ocrx_word' id='word_1_170' title='bbox 1544 3884 1680 3941; x_wconf 90' lang='lat' dir='ltr'>albo</span> <span class='ocrx_word' id='word_1_171' title='bbox 1727 3883 2145 3942; x_wconf 84' lang='lat' dir='ltr'>studiosorum</span> <span class='ocrx_word' id='word_1_172' title='bbox 2170 3883 2539 3940; x_wconf 85' lang='lat' dir='ltr'>Traiectino-</span> 
     </span>
    </p>
   </div>
   <div class='ocr_carea' id='block_1_14' title="bbox 493 3927 2545 4560">
    <p class='ocr_par' dir='ltr' id='par_1_14' title="bbox 499 3927 1149 4047">
     <span class='ocr_line' id='line_1_31' title="bbox 499 3927 1149 4047; baseline 0.005 -23"><span class='ocrx_word' id='word_1_173' title='bbox 499 3987 631 4025; x_wconf 85' lang='lat' dir='ltr'>rum</span> <span class='ocrx_word' id='word_1_174' title='bbox 678 3927 998 4047; x_wconf 73' lang='lat' dir='ltr'>inscriptus</span> <span class='ocrx_word' id='word_1_175' title='bbox 1044 3975 1149 4027; x_wconf 84' lang='lat' dir='ltr'>est.</span> 
     </span>
    </p>

    <p class='ocr_par' dir='ltr' id='par_1_15' title="bbox 497 4049 2544 4212">
     <span class='ocr_line' id='line_1_32' title="bbox 582 4049 2544 4132; baseline 0 -22"><span class='ocrx_word' id='word_1_176' title='bbox 582 4049 627 4126; x_wconf 77' lang='grc'>2)</span> <span class='ocrx_word' id='word_1_177' title='bbox 716 4054 822 4112; x_wconf 86' lang='lat' dir='ltr'>Est</span> <span class='ocrx_word' id='word_1_178' title='bbox 866 4054 1270 4112; x_wconf 82' lang='lat' dir='ltr'>Callimachus</span> <span class='ocrx_word' id='word_1_179' title='bbox 1301 4055 1338 4111; x_wconf 88' lang='lat' dir='ltr'>a</span> <span class='ocrx_word' id='word_1_180' title='bbox 1369 4054 1686 4112; x_wconf 85' lang='lat' dir='ltr'>Theodoro</span> <span class='ocrx_word' id='word_1_181' title='bbox 1720 4053 2047 4112; x_wconf 82' lang='lat' dir='ltr'>Graeviore</span> <span class='ocrx_word' id='word_1_182' title='bbox 2078 4055 2355 4132; x_wconf 87' lang='lat' dir='ltr'>cognitus</span> <span class='ocrx_word' id='word_1_183' title='bbox 2381 4053 2544 4130; x_wconf 84' lang='lat' dir='ltr'>(vide</span> 
     </span>
     <span class='ocr_line' id='line_1_33' title="bbox 497 4138 978 4212; baseline 0 -16"><span class='ocrx_word' id='word_1_184' title='bbox 497 4138 567 4196; x_wconf 85' lang='lat' dir='ltr'>ad</span> <span class='ocrx_word' id='word_1_185' title='bbox 617 4139 665 4195; x_wconf 81' lang='lat' dir='ltr'><strong>E</strong></span> <span class='ocrx_word' id='word_1_186' title='bbox 707 4139 802 4196; x_wconf 87' lang='lat' dir='ltr'>ist.</span> <span class='ocrx_word' id='word_1_187' title='bbox 853 4141 978 4212; x_wconf 92' lang='grc'><strong>61).</strong></span> 
     </span>
    </p>

    <p class='ocr_par' dir='ltr' id='par_1_16' title="bbox 493 4159 2545 4560">
     <span class='ocr_line' id='line_1_34' title="bbox 586 4159 2541 4302; baseline -0.001 -20"><span class='ocrx_word' id='word_1_188' title='bbox 586 4219 634 4298; x_wconf 80' lang='lat'>³)</span> <span class='ocrx_word' id='word_1_189' title='bbox 668 4159 910 4282; x_wconf 84' lang='lat' dir='ltr'>pOlaus</span> <span class='ocrx_word' id='word_1_190' title='bbox 933 4224 1126 4282; x_wconf 89' lang='lat' dir='ltr'>Borch</span> <span class='ocrx_word' id='word_1_191' title='bbox 1156 4225 1648 4302; x_wconf 82' lang='lat'>(1626—1690),</span> <span class='ocrx_word' id='word_1_192' title='bbox 1672 4224 1898 4298; x_wconf 75' lang='lat' dir='ltr'>Danu8‚</span> <span class='ocrx_word' id='word_1_193' title='bbox 1922 4224 2063 4283; x_wconf 88' lang='lat' dir='ltr'>inde</span> <span class='ocrx_word' id='word_1_194' title='bbox 2088 4225 2163 4281; x_wconf 88' lang='lat' dir='ltr'>ab</span> <span class='ocrx_word' id='word_1_195' title='bbox 2190 4235 2350 4282; x_wconf 89' lang='lat' dir='ltr'>anno</span> <span class='ocrx_word' id='word_1_196' title='bbox 2382 4226 2541 4282; x_wconf 89' lang='grc'><strong>1660</strong></span> 
     </span>
     <span class='ocr_line' id='line_1_35' title="bbox 493 4308 2543 4386; baseline 0.001 -20"><span class='ocrx_word' id='word_1_197' title='bbox 493 4308 557 4366; x_wconf 89' lang='lat' dir='ltr'>in</span> <span class='ocrx_word' id='word_1_198' title='bbox 646 4308 976 4368; x_wconf 85' lang='lat' dir='ltr'>Academia</span> <span class='ocrx_word' id='word_1_199' title='bbox 1039 4310 1361 4368; x_wconf 84' lang='lat' dir='ltr'>Hafniensi</span> <span class='ocrx_word' id='word_1_200' title='bbox 1428 4309 1827 4385; x_wconf 82' lang='lat' dir='ltr'>profitebatur</span> <span class='ocrx_word' id='word_1_201' title='bbox 1893 4309 2289 4386; x_wconf 89' lang='lat' dir='ltr'>philologiam</span> <span class='ocrx_word' id='word_1_202' title='bbox 2360 4315 2543 4385; x_wconf 78' lang='lat' dir='ltr'>atque</span> 
     </span>
     <span class='ocr_line' id='line_1_36' title="bbox 495 4393 2545 4478; baseline 0.001 -27"><span class='ocrx_word' id='word_1_203' title='bbox 495 4393 856 4453; x_wconf 77' lang='lat' dir='ltr'>herbariam.</span> <span class='ocrx_word' id='word_1_204' title='bbox 937 4395 1266 4471; x_wconf 89' lang='lat' dir='ltr'>Postquam</span> <span class='ocrx_word' id='word_1_205' title='bbox 1329 4394 1575 4452; x_wconf 86' lang='lat' dir='ltr'>Italiam</span> <span class='ocrx_word' id='word_1_206' title='bbox 1633 4395 1805 4469; x_wconf 77' lang='lat' dir='ltr'>visit,</span> <span class='ocrx_word' id='word_1_207' title='bbox 1853 4414 1905 4453; x_wconf 88' lang='lat' dir='ltr'>a.</span> <span class='ocrx_word' id='word_1_208' title='bbox 1960 4397 2118 4453; x_wconf 87' lang='grc'><strong>1675</strong></span> <span class='ocrx_word' id='word_1_209' title='bbox 2166 4396 2545 4478; x_wconf 73' lang='lat' dir='ltr'>praepositus</span> 
     </span>
     <span class='ocr_line' id='line_1_37' title="bbox 497 4479 2302 4560; baseline 0 -22"><span class='ocrx_word' id='word_1_210' title='bbox 497 4485 586 4540; x_wconf 90' lang='lat' dir='ltr'>est</span> <span class='ocrx_word' id='word_1_211' title='bbox 628 4480 1044 4542; x_wconf 86' lang='lat' dir='ltr'>Bibliothecae</span> <span class='ocrx_word' id='word_1_212' title='bbox 1089 4481 1424 4540; x_wconf 86' lang='lat' dir='ltr'>Hafniensi.</span> <span class='ocrx_word' id='word_1_213' title='bbox 1515 4479 1824 4539; x_wconf 85' lang='lat' dir='ltr'>Nonnulla</span> <span class='ocrx_word' id='word_1_214' title='bbox 1867 4481 2056 4540; x_wconf 90' lang='lat' dir='ltr'>edidit</span> <span class='ocrx_word' id='word_1_215' title='bbox 2099 4499 2302 4560; x_wconf 88' lang='lat' dir='ltr'>opera.</span> 
     </span>
    </p>
   </div>
  </div>
 </body>
</html>
