2975 5209
1297 516 1474 577 ·39

395 708 660 772 Nullum
715 708 866 770 mihi
918 707 1243 771 consilium
1293 712 1613 792 superest,
1666 707 1782 770 nisi
1831 712 1899 769 ut
1947 727 2047 770 me
2100 706 2338 770 tradam
2387 708 2453 771 in

397 816 658 891 tutelam
715 826 1023 911 Principis
1076 824 1593 897 MonasteriensiS.
1656 826 1741 889 Et
1790 822 2074 911 quoniam
2114 804 2241 890 scio
2270 808 2457 912 quam

401 955 574 1011 arcta
643 967 889 1032 semper
959 946 1116 1009 inter
1185 967 1294 1009 vos
1341 944 1753 1010 intercesserit
1803 944 2226 1028 necessitudo,
2278 944 2456 1009 unice

398 1066 557 1130 illud
625 1073 684 1129 te
755 1066 1031 1129 obtestor
1089 1076 1148 1129 et
1197 1087 1452 1151 precor,
1515 1073 1583 1128 ut
1632 1064 1996 1129 clementiae
2044 1064 2238 1149 ipsius
2290 1086 2456 1128 com-

403 1185 660 1249 mendes
731 1186 1022 1249 miserum
1074 1186 1424 1269 hominem,
1481 1186 1587 1271 qui
1640 1205 1751 1248 nec
1799 1184 1963 1247 unde
2014 1184 2176 1247 vivat
2227 1183 2454 1269 habet,

401 1328 518 1369 nec
553 1327 671 1391 quo
706 1304 1038 1392 profugiat.
1115 1304 1332 1368 Utatur
1366 1305 1671 1388 Princeps
1709 1322 1902 1389 opera
1938 1324 2077 1367 mea
2110 1303 2458 1390 ubicunque

401 1428 604 1489 visum
673 1426 888 1489 fuerit:
963 1426 1316 1510 experietur
1389 1438 1633 1508 gratum
1706 1432 1767 1487 et
1840 1445 2104 1507 gnavum
2160 1425 2454 1489 animum.

403 1545 546 1609 Non
586 1546 830 1630 dubito,
869 1546 921 1608 si
969 1546 1119 1608 mihi
1172 1546 1330 1607 hanc
1384 1564 1643 1629 operam
1694 1542 1845 1605 velis
1895 1542 2261 1627 gratificari,
2315 1542 2459 1627 quin

399 1680 507 1729 me
572 1665 1018 1728 illustrissimus
1068 1664 1369 1748 Princeps
1421 1664 1583 1726 bono
1638 1661 1843 1724 animo
1895 1662 1972 1724 sit
2021 1669 2455 1747 suscepturus:

405 1794 469 1849 et
518 1787 622 1849 fiet
669 1786 903 1849 interea
937 1785 1192 1871 aliquid.
1263 1784 1497 1847 Precor
1532 1790 1629 1867 te,
1671 1781 1947 1845 obtestor
1982 1790 2075 1865 te,
2114 1782 2199 1845 mi
2231 1781 2450 1866 Pater,

403 1904 700 1967 miserere
773 1903 958 1967 animi
1027 1925 1144 1966 non
1219 1903 1404 1989 digna
1473 1900 1743 1965 ferentis.
1846 1900 2148 1966 Succurre
2198 1901 2460 1965 miseriis

405 2023 602 2103 meis,
650 2022 816 2085 unde
865 2022 995 2085 sine
1045 2030 1150 2086 tuo
1204 2022 1434 2085 auxilio
1487 2042 1808 2105 emergere
1861 2043 2171 2107 nunquam
2215 2029 2453 2106 poter0.

406 2142 594 2214 Quod
661 2143 918 2229 peccavi
989 2144 1079 2227 (ut
1128 2142 1471 2205 militariter
1523 2142 1766 2226 loquar)
1826 2141 2085 2204 honeste
2134 2148 2461 2226 peccatum

406 2269 536 2325 est:
615 2261 733 2325 feei
809 2262 1072 2345 denique
1150 2269 1562 2346 p1·ovocatuS‚
1637 2268 1697 2323 et
1748 2259 2060 2323 hominem
2110 2260 2307 2323 occidi
2356 2248 2493 2345 qui¹

405 2380 765 2444 missionem
838 2400 1085 2465 pugnae
1155 2380 1407 2443 nolebat
1474 2380 1603 2443 sine
1673 2380 2020 2442 alterutrius
2071 2386 2287 2443 morte.
2382 2369 2456 2443 In

407 2520 552 2561 eam
600 2520 728 2562 rem
773 2500 994 2563 adsunt
1031 2499 1394 2563 testimonia.
1450 2498 1584 2562 Fac
1618 2498 1779 2584 quod
1814 2498 2047 2583 poteris
2060 2548 2079 2579 ,
2114 2498 2458 2583 miPater,
2543 2561 2551 2570 ,

408 2626 475 2683 et
523 2640 732 2683 amare
781 2639 853 2682 ac
902 2630 1229 2703 protegere
1278 2639 1472 2703 perge
1521 2617 1998 2681 Broukhusium
2046 2626 2236 2699 tuum.

508 2737 805 2802 Coloniae
854 2737 1178 2801 Ubiorum.
1287 2740 1324 2800 8
1378 2736 1698 2821 Septemb.
1760 2738 1956 2801 1679.

504 2856 750 2921 Vellem
802 2859 1012 2921 literas
1065 2857 1143 2920 ad
1193 2847 1549 2941 Principem
1602 2856 1875 2919 mitteres
1911 2854 2177 2919 Franeio
2212 2862 2455 2939 nostre,
2532 2896 2537 2901 ·

409 2980 515 3065 qui
567 3000 674 3041 eas
723 3000 904 3065 porro
961 2978 1082 3041 huc
1132 2976 1416 3040 ferendas
1468 2975 1725 3039 curabit.
1804 2973 2065 3037 Videtur
2099 2975 2259 3038 enim
2295 2995 2460 3038 com-

409 3098 660 3161 modius
709 3097 840 3161 fore
892 3098 944 3159 si
994 3095 1529 3159 commendatitias
1583 3101 1818 3157 vestras
1871 3113 1987 3177 ego
2028 3094 2163 3179 ipse
2195 3094 2457 3157 tradam.

1237 3316 1394 3331 N-rNJ*
1403 3316 1619 3331 t-soewssws.

1227 3446 1230 3450 ’
1315 3493 1554 3557 XXVI.

1051 3714 1246 3777 loanni
1291 3713 1537 3797 Georqio
1586 3712 1828 3777 Graevio

1112 3825 1154 3888 1.
1201 3825 1319 3889 Van
1367 3824 1767 3889 Broekhuizen.

509 4046 647 4111 Etsi
697 4068 814 4108 non
867 4046 1121 4129 ignoro,
1179 4042 1409 4107 Graevi
1459 4040 1856 4122 Clarissime‚
1913 4058 2097 4122 quam
2146 4036 2353 4099 multis
2403 4044 2465 4100 et

412 4166 710 4252 gravibus
761 4165 1022 4248 negotiis
1075 4161 1422 4225 distinearis
1467 4160 1603 4243 jam
1655 4159 1795 4241 diu,
1852 4178 1970 4219 non
2022 4164 2223 4219 tamen
2276 4176 2463 4239 aegre

411 4296 477 4350 te
529 4287 794 4348 laturum
845 4293 992 4368 puto
1021 4333 1038 4361 ,
1090 4282 1142 4343 si
1182 4280 1531 4344 continuum
1568 4278 1737 4341 istud.
1772 4276 1995 4341 eruditi
2028 4274 2259 4338 laboris
2292 4276 2483 4338 filum·

413 4408 862 4488 interrumpam
915 4401 1188 4465 literaria
1238 4398 1627 4462 allocutione.
1730 4394 2061 4458 Saeculum
2112 4394 2263 4456 mihi
2298 4392 2463 4455 vide-

414 4536 512 4589 tur
581 4533 914 4611 postquam
981 4520 1132 4585 nihil
1201 4518 1281 4582 ad
1345 4516 1438 4581 Te
1487 4517 1803 4581 literarum
1854 4514 2031 4601 dedi,
2084 4514 2234 4578 nihil
2284 4533 2321 4575 a
2370 4511 2464 4577 Te
