2975 5209
1345 502 1430 564 89

370 697 562 782 ipsam
595 698 783 761 etiam
817 703 1078 782 mortem
1115 719 1233 762 non
1272 698 1510 762 desinat
1544 718 1842 783 quaerere
1878 698 2169 760 amissum
2196 698 2407 761 filiurn.

371 817 597 880 Fatum
634 817 801 903 apud
841 817 1236 903 Propertium
1279 839 1488 882 meum
1530 818 1775 902 ponitur
1808 837 1921 902 pro
1958 836 2125 901 orco,
2161 816 2235 880 L.
2278 813 2410 899 2¹):

382 935 519 1000 Vna
567 939 738 1000 ratis
759 937 899 1022 fati
935 945 1188 1001 nostros
1215 938 1505 1022 portabit
1540 959 1807 1002 amores.
1846 938 2177 1020 Superare
2209 942 2414 1000 autem

365 1063 456 1120 est
522 1048 828 1142 trajicere.
899 1057 1131 1121 Litora
1181 1078 1362 1142 porro
1424 1064 1565 1121 sunt
1612 1059 1785 1143 ripae
1833 1057 2082 1142 paludis
2134 1056 2409 1142 Stygiae.

367 1175 712 1263 Utrumque
761 1176 927 1263 apud
974 1176 1310 1261 Virgilium
1362 1185 1455 1242 est
1504 1177 1575 1241 L.
1620 1181 1657 1241 6
1686 1179 1777 1260 2):
1836 1176 1962 1242 Nee
1995 1180 2179 1262 ripas
2212 1177 2415 1240 datur
2458 1189 2463 1197 '

366 1297 766 1381 horrendae,
840 1318 951 1361 nec
999 1317 1207 1360 rauca
1240 1299 1497 1381 fluenta
1555 1296 2035 1382 Trans-portare
2072 1300 2301 1382 prim,
2355 1305 2416 1362 e't

364 1438 515 1480 mox
550 1418 635 1500 3):
693 1415 955 1484 Centum
1005 1424 1229 1482 errant
1281 1439 1525 1498 emme,
1579 1418 2167 1504 volitantque'haee
2217 1417 2414 1480 litora

367 1540 626 1601 circum.
726 1536 823 1601 Ita
840 1587 860 1619 ,
894 1542 1083 1623 pule,
1121 1558 1241 1600 non
1276 1535 1667 1602 incommode
1704 1537 1932 1622 exponi
1964 1543 2168 1622 potest
2200 1557 2413 1601 versus

358 1656 806 1722 'subobscurior
873 1658 1057 1720 visne.
1160 1655 1295 1720 Nec
1365 1657 1626 1720 libenter
1696 1657 2098 1742 mutaverim,
2175 1656 2290 1719 nisi
2347 1662 2410 1720 tu

363 1777 668 1841 dissentis,
772 1776 872 1842 De
931 1785 1009 1862 τῷ
1059 1779 1239 1842 vultu
1293 1799 1411 1841 non
1465 1777 1686 1842 eadem
1736 1798 1833 1841 res
1884 1783 1993 1840 est.
2096 1774 2228 1840 Nec
2278 1795 2414 1838 suc-

363 1904 614 1963 currunt
661 1919 820 1968 nunc
869 1900 1045 1983 loca,
1097 1898 1319 1984 quibus
1356 1897 1702 1962 defendam.
1757 1896 1992 1961 Verum
2027 1916 2166 1958 cum
2199 1896 2415 1958 vultus

361 2038 479 2104 pro
547 2023 676 2083 tota
725 2019 847 2082 oris
897 2018 1098 2083 forma
1148 2039 1220 2082 ac
1269 2019 1427 2082 facie
1478 2018 1751 2102 dicatur,
1822 2038 1940 2081 non
1994 2015 2212 2080 videor
2260 2015 2414 2078 mihi

359 2136 552 2202 valde
600 2158 936 2224 peccasse,
991 2159 1130 2201 cum
1179 2139 1417 2202 vultum
1467 2139 1603 2202 flori
1653 2136 1829 2221 dedi,
1884 2138 1987 2222 qui
2034 2135 2217 2200 fuerit
2245 2135 2414 2218 *olim

359 2279 523 2344 puer
570 2258 908 2346 speciosus,
959 2258 1034 2322 Id
1082 2259 1134 2322 si
1185 2261 1331 2322 satis
1381 2280 1501 2322 non
1554 2265 1671 2342 est,
1713 2259 1926 2343 reponi
1958 2256 2413 2342 potestforma

360 2378 706 2462 moriente,
787 2399 1157 2464 quamquam
1223 2379 1342 2446 hoc
1409 2379 1560 2442 mihi
1627 2377 2184 2462 languidiusculum
2246 2375 2413 2439 vide-

361 2502 504 2560 atur
545 2497 613 2581 4).
715 2497 840 2562 Sed
892 2519 1022 2562 rem
1073 2520 1320 2563 omnem
1370 2499 1491 2582 tui,
1547 2499 1630 2561 mi
1678 2505 1891 2583 pater,
1948 2497 2179 2560 arbitrii
2228 2495 2405 2560 facio.

354 2615 633 2681 Versum
699 2623 904 2682 autem
972 2620 1157 2681 istum
1218 2618 1498 2682 Tutatur
1549 2619 1815 2682 celebres
1866 2619 2093 2682 Pallas
2146 2618 2411 2681 alumna-

360 2739 582 2817 vir03,
634 2738 686 2801 si
732 2738 883 2802 satis
932 2739 991 2801 in
1044 2745 1323 2823 tempore
1373 2759 1553 2802 meae
1603 2738 1680 2801 ad
1729 2755 1789 2801 te
1840 2738 2054 2802 literae
2096 2736 2409 2822 perferen-

353 2863 500 2941 tur,
552 2857 637 2920 ita
687 2859 971 2921 constitui
1022 2858 1242 2941 velim,
1293 2857 1541 2921 Eximit
1577 2860 1855 2943 itzsiynes
1892 2858 2120 2921 Pallas
2159 2857 2237 2920 ab
2274 2863 2411 2919 arte

349 2979 537 3039 viros
571 2977 638 3059 ⁵).
742 2975 1067 3041 Caeterum
1135 2983 1341 3042 metuo
1395 3000 1469 3041 ne
1520 2978 1987 3042 Lucumonibus
2039 2977 2407 3062 quibusdam

352 3095 578 3160 videar
639 3097 816 3160 nimis
884 3098 1167 3182 poetice,
1240 3099 1302 3161 id
1372 3106 1501 3182 est,
1560 3106 1623 3160 ut
1674 3098 1915 3183 rupices
1966 3097 2064 3160 isti
2112 3098 2408 3181 interpre-

350 3220 591 3299 tantur,
663 3236 880 3300 parum
954 3215 1300 3282 Christiane
1363 3219 1631 3284 sensisse
1696 3218 1773 3282 de
1833 3224 1990 3280 statu
2042 3217 2403 3279 animarum.

347 3335 433 3399 Id
489 3341 779 3420 quantum
832 3336 993 3400 absit
1043 3359 1079 3400 a
1127 3359 1268 3400 mea
1321 3339 1586 3423 pietate,
1639 3347 1740 3422 tu,
1796 3337 1879 3400 mi
1931 3335 2198 3420 Graevi,
2252 3358 2406 3398 unus

351 3455 634 3518 omnium
686 3457 919 3540 optime
969 3458 1148 3520 nosti.
1249 3457 1384 3521 Nec
1435 3466 1639 3520 tamen
1692 3457 1873 3522 valde
1922 3478 2022 3520 me
2071 3456 2408 3521 movebunt

339 3573 592 3660 judicia
659 3575 976 3639 hominum
1047 3576 1566 3661 semidoctorum,
1642 3597 1793 3661 quos
1865 3577 2079 3661 procul
2130 3598 2165 3639 a
2214 3551 2405 3640 sacris

348 3695 487 3758 suis
557 3694 777 3759 abesse
837 3696 1025 3779 jussit
1089 3695 1419 3780 Elegantia
1485 3697 1787 3760 Romana.
1892 3695 2034 3760 Tibi
2084 3697 2132 3759 si
2182 3715 2281 3760 me
2333 3719 2405 3760 ac

341 3835 506 3884 mea,
545 3814 937 3900 probavere,
993 3816 1202 3879 omnia
1251 3837 1493 3879 summa
1535 3825 1895 3880 consecutus
1938 3816 2087 3878 mihi
2119 3816 2399 3880 videbor.

447 4069 487 4144 ¹)
577 4071 643 4146 L.
691 4071 788 4144 ΙΙ,
839 4075 953 4145 21,
1003 4090 1089 4129 vs,
1142 4073 1216 4129 39
1265 4086 1330 4158 ἓ-
1378 4072 1441 4128 L.
1494 4073 1618 4146 III,
1671 4074 1783 4147 25,
1830 4091 1911 4130 vs.
1964 4075 2018 4130 5.

439 4178 492 4255 2)
580 4181 680 4239 Vs.
733 4185 872 4240 327.

439 4288 488 4365 ³)
580 4292 678 4349 Vs.
731 4295 872 4349 329:

444 4401 494 4477 ⁴)
584 4402 859 4462 Retinuit
904 4403 967 4460 B.
1019 4408 1073 4462 τὲ
1128 4406 1328 4480 vultu,
1377 4424 1459 4462 vs.
1516 4407 1609 4462 15.

357 4510 366 4513 ”
447 4516 495 4592 ⁵)
586 4519 684 4578 Ita
725 4539 885 4577 nunc
931 4519 1150 4596 legitur
1197 4538 1420 4578 versus
