2975 5209
1326 489 1456 552 129

349 684 601 748 animus
666 684 911 749 excidit.
1013 683 1216 770 Caput
1289 693 1349 748 et
1399 684 1662 748 caudam
1715 683 1943 749 addere
1996 687 2191 750 visum
2246 699 2412 772 erat,

349 818 438 858 ne
517 804 694 860 extra
742 802 988 882 captum
1043 797 1226 860 etiam
1278 797 1625 880 vulgarium
1680 795 1898 860 Gallus
1950 798 2051 861 hic
2099 800 2413 862 evolaret:

353 907 486 971 hoc
535 907 779 970 nomine
828 909 1055 992 gratias
1105 909 1214 971 tibi
1265 909 1504 992 agimus
1556 907 1909 972 maximas''
1958 912 2016 992 ¹).

454 1017 713 1102 Hagae‚
777 1021 858 1081 19
912 1017 1115 1083 Martii
1172 1021 1369 1084 1695.

1183 1142 1240 1156 §.⁶st
1249 1143 1293 1157 lv*
1299 1140 1595 1158 f2⁶„‘„mwma

1265 1208 1390 1270 107
1439 1207 1511 1290 2).

1115 1323 1252 1386 lano
1298 1322 1655 1386 Broukhusio

931 1437 1176 1503 loannes
1223 1432 1502 1515 Genu-qius
1550 1431 1842 1497 Graevius,

454 1547 640 1611 Mittit
710 1547 1089 1632 orationem,
1159 1569 1280 1634 qua
1333 1546 1669 1632 „Optimae
1718 1546 2032 1611 Maximae
2085 1548 2408 1632 Reginae”

351 1659 706 1746 parentavit
744 1661 790 1744 ²³)
798 1709 995 1722 .....
1075 1659 1241 1741 „Ubi
1312 1659 1700 1723 constitueris
1771 1680 1911 1723 eum
1963 1659 2413 1744 (Propertium)

349 1780 587 1863 praelis
639 1781 985 1864 subiicere,
1037 1780 1135 1843 fac
1186 1799 1415 1865 quaeso
1467 1799 1569 1842 me
1620 1791 1949 1864 antequam
2002 1798 2229 1864 operae
2282 1797 2409 1842 ma-

352 1920 474 1961 nus
522 1900 641 1962 tuis
692 1899 849 1961 notis
902 1899 1270 1962 admoveant
1321 1897 1679 1981 certiorem,
1732 1904 1799 1960 ut
1848 1898 2078 1984 aliquid
2121 1898 2412 1962 subsicivi

353 2019 659 2104 temporis
709 2017 1064 2103 impendam
1116 2017 1360 2081 schedis
1415 2017 1566 2079 meis
1618 2017 2017 2080 excutiendis
2123 2017 2221 2080 De
2256 2017 2412 2080 Rut-

357 2139 550 2222 gersii
587 2139 637 2222 4)
696 2139 1064 2202 lectionibus
1112 2136 1441 2200 Venusinis
1495 2137 1640 2222 quid
1691 2136 1971 2198 statuerit
2022 2136 2413 2201 Burmannus

354 2266 595 2336 noster,
631 2259 689 2320 in
726 2258 903 2340 cujus
932 2278 1090 2320 nunc
1115 2265 1253 2318 sunt
1281 2255 1595 2337 manibuS,
1636 2278 1713 2319 ex
1742 2257 1877 2340 ejus
1907 2256 2125 2319 litteris
2154 2278 2413 2340 cognos-

355 2400 483 2442 ces,
537 2377 704 2442 Huic
756 2357 1010 2441 editioni
1059 2379 1110 2439 si
1163 2383 1222 2440 et
1270 2384 1406 2439 tuas
1459 2374 1766 2458 adjeceris
1800 2374 2407 2457 animadversione-e,

355 2498 438 2561 de
491 2499 724 2583 optimo
759 2510 1083 2582 poetarum
1126 2505 1186 2560 et
1218 2518 1284 2560 re
1318 2495 1612 2558 litteraria
1646 2494 1967 2578 praeclare
2007 2493 2407 2557 me1·ebcriS.”

455 2616 787 2699 Trajectii‚
831 2614 954 2679 VII
987 2614 1222 2700 Aprilis
1257 2610 1733 2678 OIOIOOXOV.

1181 2752 1288 2766 rm
1294 2750 1579 2766 WWssssss

1292 2817 1520 2881 CVIII.

1001 2950 1193 3013 loanni
1241 2948 1485 3032 Georqio
1536 2948 1778 3013 Graevio

1041 3062 1242 3124 'lanus
1288 3061 1693 3124 Broukhusiua

449 3189 668 3253 Munus
722 3204 892 3254 tuum
949 3192 1377 3276 praeclarum,
1436 3193 1516 3253 mi
1567 3200 1781 3276 pater,
1837 3211 1956 3276 quo
2010 3190 2407 3254 desideratis-

348 3312 549 3374 simae
599 3309 883 3394 Reginae
933 3311 1306 3396 parentasti,
1362 3325 1526 3374 recte
1576 3311 1826 3394 accepi3
1882 3309 2120 3394 perlegi
2165 3331 2408 3394 quoque

435 3468 471 3546 ¹)
575 3473 781 3529 Sermo
858 3489 987 3528 esse
1061 3471 1294 3528 videtur
1361 3471 1432 3527 de
1502 3472 1938 3548 epigrammate
2010 3471 2086 3528 In
2158 3471 2407 3527 Gallum

353 3557 767 3616 Coloniensem
811 3558 1063 3632 (Poem,
1113 3575 1248 3633 pag.
1301 3558 1466 3630 269).
1968 3553 1977 3562 ’

439 3643 486 3720 2)
576 3643 648 3698 In
694 3642 1076 3698 Bibliotheca
1121 3642 1532 3718 Lugdunensi.

441 3724 488 3799 3)
576 3727 648 3783 D.
685 3727 751 3788 ,V
795 3727 997 3785 Martii
1043 3728 1334 3784 Graevius
1379 3729 1718 3784 orationem
1764 3727 2041 3785 recitavit
2087 3726 2161 3784 de
2207 3732 2402 3783 morte

350 3810 624 3888 Reginae
669 3813 897 3868 Mariae
945 3813 1241 3870 Stuartae.
1668 3812 1675 3820 ’

441 3895 490 3970 4)
578 3898 769 3956 Janus
813 3897 1200 3974 RutgersiuS‚
1249 3904 1424 3956 natus
1470 3916 1524 3952 a.
1575 3899 1735 3954 1589
1784 3896 2104 3969 Dordraci,
2152 3895 2405 3954 denatus

361 4002 413 4038 a.
469 3985 628 4039 1625
677 3983 894 4058 Hagae
943 3983 1274 4056 Comitum,
1308 3982 1529 4039 litteris
1562 4000 1804 4057 operam
1839 3981 2005 4040 dedit
2036 3981 2316 4058 Lugduni
2348 3992 2407 4039 et

350 4067 648 4126 Lutetiae.
727 4068 954 4124 Doctor
1001 4068 1148 4125 iuris
1193 4067 1577 4125 renuntiatus
1607 4067 1924 4139 Aureliae,
1969 4067 2132 4125 Ictus
2163 4068 2404 4143 flagae,

350 4159 560 4228 postea
633 4154 692 4208 in
773 4153 1047 4210 Sueciam
1123 4171 1187 4210 sc
1263 4153 1521 4210 contulit
1597 4159 1657 4210 et
1726 4153 1843 4210 fuit
1908 4153 2090 4230 Regis
2157 4153 2405 4211 Gustavi

349 4238 615 4315 Adolphi
675 4257 710 4294 a
769 4238 1055 4294 consiliis.
1149 4238 1424 4314 Scripsit:
1502 4238 1838 4294 Variam-m
1898 4239 2213 4295 lectionum
2260 4238 2408 4294 libri

348 4323 438 4380 VI
505 4324 757 4399 (1618);
821 4323 1108 4381 Poemata
1169 4342 1204 4378 a
1266 4323 1517 4379 Nicolao
1564 4322 1816 4382 Heinsio
1866 4323 2120 4380 collecta
2164 4328 2304 4380 sunt
2349 4340 2400 4377 a.

355 4410 536 4466 1653.
585 4409 727 4464 Eius
762 4408 1076 4465 Lectiones
1124 4407 1464 4465 Venusinae
1489 4425 1525 4463 a
1550 4409 1894 4464 Bur-manno
1926 4408 1985 4465 in
2015 4408 2265 4466 Horatio
2294 4425 2401 4463 suo

347 4496 569 4568 (1699)
615 4499 754 4550 suut
797 4493 1081 4550 insertae.
