2975 5209
1363 471 1493 546 1'5‘5

416 678 600 765 video
672 678 835 744 unde
902 678 1140 743 initium
1211 701 1433 766 capere
1506 678 1765 743 debeam
1836 677 1915 741 ad
1972 677 2065 742 Te
2114 680 2454 767 scribendi,

419 806 482 862 et
550 798 695 862 Tibi
766 799 994 884 gratias
1068 798 1328 884 agendi,
1409 798 1647 884 quoties
1720 797 2041 861 considero
2093 799 2238 862 doni
2282 800 2455 864 istius

411 917 533 981 Tui
609 918 1098 1005 amplitudinem.
1211 918 1393 991 Quod
1467 937 1597 979 rem
1670 916 2007 980 literariam
2074 924 2256 1004 atque
2305 920 2456 984 anti-

413 1038 691 1125 quar-iam
765 1059 995 1124 augere
1064 1037 1321 1102 voluisti
1371 1041 1557 1122 atque
1609 1057 1911 1100 exornare
1959 1037 2455 1102 luculentissimis

402 1157 700 1222 fructibus
769 1158 1116 1243 vigiliarum
1180 1177 1253 1222 ac
1329 1155 1823 1220 lucubrationum
1889 1155 2197 1234 Tuarum,
2271 1159 2329 1220 in
2381 1179 2455 1222 eo

404 1276 556 1340 facis
608 1277 772 1362 quod
815 1277 950 1361 jam
993 1277 1096 1340 diu
1127 1275 1363 1360 fecisti,
1408 1275 1529 1338 hoc
1560 1281 1687 1360 est,
1725 1276 1893 1339 nullo
1921 1297 2039 1339 non
2072 1281 2351 1361 tempore
2379 1277 2457 1341 de

406 1396 623 1460 studiis
713 1397 934 1460 artium
1015 1395 1534 1482 pulcerrimarum
1610 1395 2104 1479 praeclarissime
2172 1374 2451 1460 mereris.

407 1515 590 1590 Quod
653 1524 861 1580 autem
923 1537 1024 1581 me
1074 1535 1318 1601 quoque
1371 1514 1623 1598 dignum
1673 1513 2000 1599 habueriS,
2057 1536 2236 1600 quem
2288 1522 2452 1579 trans

309 1646 314 1649 ’
405 1657 578 1700 mare
649 1635 840 1700 misso
917 1635 1148 1699 aeterni
1223 1634 1430 1720 operis
1510 1634 1855 1719 exemplari
1906 1635 2341 1699 cohonestares
2387 1639 2447 1720 ¹),

408 1775 594 1841 quum
667 1775 783 1841 ego
852 1754 1117 1820 necdum
1179 1774 1293 1840 pro
1371 1752 1542 1816 Orbe
1615 1753 1750 1818 Tuo
1818 1753 2103 1818 Romano
2134 1757 2223 1840 2),
2293 1756 2451 1819 libro

407 1874 763 1940 eruditionis
812 1875 1097 1961 antiquae
1146 1873 1539 1959 plenissime,
1594 1871 1834 1936 debitas
1885 1876 2113 1958 gratias
2162 1875 2448 1961 egissem,

407 1994 493 2058 ita
548 2015 650 2058 me
705 1994 905 2080 premi
955 1995 1150 2058 sentio
1202 1993 1649 2057 beneficiorum
1701 1999 1946 2055 tuorum
1996 1994 2448 2080 magnitudine,

406 2119 473 2177 ut
538 2133 659 2178 non
732 2120 944 2199 putem
993 2134 1094 2176 me
1143 2134 1474 2199 umquam,
1532 2133 1649 2176 non
1702 2111 1839 2175 dico
1890 2112 2185 2176 solvendo
2234 2134 2453 2198 parem

408 2231 578 2318 fore,
629 2233 741 2298 sed
791 2233 896 2296 vix
945 2232 1102 2297 adeo
1159 2232 1590 2316 cognoscendo
1643 2237 1937 2317 quantum
1970 2228 2232 2296 debeam
2268 2233 2453 2298 animi
2516 2256 2524 2260 ·

409 2351 526 2416 Tui
597 2353 873 2417 bonitati.
973 2351 1134 2416 Nam
1212 2353 1346 2438 quis
1417 2374 1535 2437 ego
1596 2374 1770 2437 sum,
1829 2361 1933 2415 aut
1982 2352 2211 2438 qualis,
2269 2375 2449 2439 quem

404 2471 500 2535 Tu
568 2472 627 2535 in
690 2472 895 2557 aliquo
957 2492 1213 2535 numero
1268 2471 1610 2535 amicorum
1665 2471 1942 2534 Tuorum
1992 2493 2243 2536 censere
2292 2473 2450 2536 ultro

391 2591 729 2682 digneris?
827 2590 920 2654 Te
988 2603 1194 2654 tamen
1264 2611 1384 2653 non
1432 2591 1633 2676 piguit
1698 2592 1757 2653 in
1806 2591 2028 2654 illustri
2074 2592 2192 2655 isto
2249 2592 2449 2655 erudi-

405 2713 582 2777 tionis
653 2719 836 2799 atque
906 2712 1136 2797 ingenii
1203 2711 1324 2774 Tui
1391 2720 1825 2796 monumentO,
1894 2710 2099 2775 verbis
2149 2731 2451 2797 perquam

401 2830 786 2917 honorificiS,
860 2803 1180 2916 praeclare
1253 2831 1481 2895 sentire
1556 2830 1633 2895 de
1695 2832 1850 2894 meis
1902 2831 2451 2918 qualibuscumque

403 2949 562 3014 curis
628 2950 958 3037 Propertio
1026 2950 1315 3034 inpensis.
1419 2949 1603 3014 Certe
1654 2951 1704 3012 si
1755 2951 1965 3036 aliqua
2016 2951 2279 3014 nominis
2327 2953 2451 3016 mei

401 3069 703 3134 memoria
769 3069 850 3134 ad
916 3077 1198 3156 posteros
1261 3075 1355 3132 est
1405 3075 1696 3153 ventura,
1753 3067 1842 3153 (id
1892 3070 2057 3154 quod
2108 3090 2227 3156 ego
2278 3092 2449 3134 num-

404 3209 588 3274 quam
637 3210 821 3252 ausus
869 3189 958 3252 fui
1009 3189 1284 3276 sperare)
1337 3209 1372 3250 a
1422 3187 1560 3250 Tuo
1621 3188 1773 3250 mihi
1804 3188 2157 3253 testimonio
2200 3196 2453 3253 ventura

405 3315 533 3386 est,
607 3307 940 3393 licebitque
1018 3307 1280 3392 imagini
1328 3329 1510 3371 meae
1550 3306 1841 3389 inscribi,
1893 3306 2451 3372 SPANHEMIVS

402 3423 868 3491 FACIEBAT.
966 3424 1194 3510 Magna
1265 3426 1415 3488 mihi
1488 3427 1821 3490 necessitas
1871 3428 2159 3512 imposita
2210 3441 2302 3492 est
2348 3450 2453 3490 na-

399 3545 560 3609 viter
630 3544 895 3633 agendi,
972 3567 1048 3610 ne
1100 3546 1316 3609 fallam
1368 3543 1571 3608 Tuum
1624 3545 1701 3609 de
1751 3568 1852 3610 me
1895 3547 2217 3630 judicium.
2273 3546 2455 3620 Quod

403 3665 634 3729 utinam
682 3667 942 3752 implere
991 3667 1268 3752 possim!
1323 3664 1590 3730 Adnitor
1627 3665 1875 3751 quidem
1916 3672 2107 3750 certe,
2163 3673 2454 3753 quantum

399 3783 544 3849 licet
589 3806 704 3870 per
751 3786 1215 3871 valetudinem,
1288 3807 1476 3872 saepe
1526 3787 1725 3850 minus
1775 3787 2013 3849 firmam
2063 3807 2135 3850 ac
2182 3787 2448 3851 fidelem.

495 4061 535 4139 ¹)
622 4066 695 4122 A.
785 4067 946 4123 1706
1017 4063 1303 4122 Londinii
1379 4063 1625 4124 tertium
1692 4063 2042 4141 prodierunt
2106 4064 2451 4143 Spanhemii

404 4149 892 4210 Dissertationes
955 4153 1026 4209 de
1074 4152 1472 4226 praestantia
1522 4157 1576 4208 et
1634 4169 1751 4208 asu
1808 4151 2241 4209 numismatum
2288 4154 2449 4210 anti-

406 4254 684 4312 quorum.
1713 4257 1715 4259 ’

493 4317 544 4394 ²)
637 4321 820 4379 Orbis
888 4321 1230 4396 RomanuS,
1299 4339 1404 4379 seu
1465 4325 1547 4380 ad
1593 4323 2079 4380 constitutionem
2121 4325 2265 4398 imp.
2314 4322 2444 4378 An-

405 4407 605 4466 tonini
649 4408 1107 4465 exercitationes
1155 4409 1362 4482 (luae,¹
1389 4407 1615 4485 prodiit
1648 4425 1699 4463 a.
1730 4409 1927 4483 16973
1960 4427 2013 4465 a.
2043 4410 2210 4476 1704,
2231 4407 2446 4466 iterum

401 4490 572 4574 prelo
617 4491 732 4553 fuit
775 4489 1116 4555 mandatus·
