2975 5209
1528 454 1613 517 64

543 677 816 741 thaleros
849 677 1000 743 mihi
1033 676 1421 764 Francioque
1456 676 1823 742 diffidendos
1856 676 2270 743 Kuffelarium
2298 681 2341 763 ¹)
2372 700 2588 744 nume-

543 818 687 893 rare·
710 796 912 882 jussit.
986 796 1212 883 Ingens
1247 803 1412 882 certe
1448 797 1716 882 pretium
1750 804 1879 861 tam
1916 798 2093 884 parvi
2126 798 2378 863 laboris.
2462 798 2595 864 Sed

543 938 657 985 nos
725 939 844 982 non
910 924 1034 981 tam
1085 919 1250 1004 capit
1298 918 1575 1003 opimum
1623 918 1777 982 illud
1826 925 2085 1005 inunus,
2158 940 2343 1006 quam
2391 920 2593 985 honor

543 1037 650 1101 ille
701 1060 738 1101 a
785 1045 951 1102 tanto
1002 1038 1293 1125 Principe
1343 1038 1591 1103 habitus
1641 1038 1832 1101 Musis
1881 1038 2166 1125 Batavis,
2238 1047 2299 1105 et
2345 1040 2405 1103 in
2453 1040 2594 1126 ipsa

544 1156 808 1222 Batavia
878 1180 1036 1244 pene
1107 1158 1420 1243 ignoratis
1524 1158 1620 1223 Tu
1700 1160 1837 1223 vale
1916 1160 2000 1223 mi
2076 1168 2276 1247 pater,
2348 1168 2407 1223 et
2455 1181 2589 1240 me,

546 1277 712 1363 quod
761 1278 947 1363 facis,
1003 1300 1211 1344 amare
1259 1301 1468 1366 perge.

638 1395 1113 1463 Amstelodami.
1170 1403 1246 1464 21
1306 1400 1615 1465 Novemb.
1679 1401 1879 1464 1688.

638 1516 953 1584 Pervelim
1031 1522 1187 1585 scire
1265 1522 1373 1586 ubi
1453 1522 1779 1586 sta-tionem
1860 1541 2035 1584 suam
2118 1519 2348 1584 habeat
2418 1520 2587 1605 legio

546 1634 857 1703 Wediana
890 1642 968 1725 2),
1047 1662 1188 1705 nam
1262 1663 1372 1728 per
1443 1642 1693 1707 crebras
1770 1639 2183 1726 profectiones
2255 1638 2405 1702 illud
2487 1640 2590 1703 hic

545 1760 852 1846 expiscari
901 1782 1020 1826 non
1068 1784 1340 1849 possum.

1359 1925 1414 1940 Ὧν
1418 1927 1539 1941 WM'XA
1542 1926 1679 1941 'mv'ssl
1688 1926 1769 1941 Α’-ᾸΛ

1485 2030 1629 2119 Π.

1173 2172 1363 2237 loanni
1410 2172 1655 2255 Goorqio
1703 2172 1943 2236 Graevio

1263 2285 1431 2348 lanus
1477 2283 1879 2348 Broukhusius.

633 2420 810 2486 Mitto
861 2422 938 2485 ad
989 2430 1085 2507 te,
1138 2422 1252 2486 Vir
1301 2422 1693 2506 Clarissima,
1748 2422 2035 2499 Salmasii
2086 2423 2311 2486 librum
2366 2422 2443 2485 de
2486 2421 2587 2485 Re

537 2538 787 2605 Militari
835 2542 1298 2628 Romanorum,
1354 2545 1456 2629 qui
1508 2544 1607 2607 hic
1656 2545 2119 2629 typographum
2148 2544 2428 2609 invenire
2464 2564 2583 2605 non

537 2661 763 2747 potuit,
838 2669 906 2727 ut
962 2684 1096 2728 mos
1149 2671 1242 2727 est
1291 2665 1513 2727 horum
1564 2671 1912 2751 temporum
1953 2667 2039 2747 ³).
2119 2663 2285 2727 Eum
2336 2662 2583 2749 quando

541 2781 622 2844 ad
673 2780 1049 2846 Salmasium
1099 2778 1379 2866 Folium)
1429 2782 1733 2866 remittes,
1790 2802 2168 2867 magnopere
2217 2791 2277 2845 te
2326 2802 2472 2866 or0,
2518 2789 2588 2844 ut

538 2902 892 2967 memineris
963 2903 1120 2986 mei,
1198 2902 1258 2965 id
1333 2920 1461 2984 est,
1536 2910 1605 2965 ut
1678 2923 1777 2965 me
1823 2902 1917 2964 illi
1964 2922 2229 2986 purges,
2286 2900 2451 2987 quod
2502 2900 2633 2964 ad‘

539 3022 1005 3087 honestissimas
1079 3022 1216 3105 ejus
1288 3021 1497 3085 literas
1574 3021 1807 3086 nullum
1861 3042 2227 3107 responsum
2277 3020 2578 3085 dederim.

543 3116 762 3228 Neque
811 3142 972 3206 enim
1023 3142 1150 3205 scio
1200 3141 1307 3205 ubi
1357 3142 1597 3205 habitet
1622 3150 1726 3205 aut
1752 3141 1974 3225 degat,
2029 3162 2228 3227 neque
2268 3141 2585 3205 hominem

537 3262 748 3345 illum,
827 3262 933 3349 qui
1004 3262 1210 3326 literas
1284 3269 1679 3348 portaverat,
1755 3282 2019 3346 usquam
2094 3268 2313 3346 postea
2386 3260 2580 3323 oculis

539 3382 681 3446 vidi.
779 3381 945 3447 Male
987 3374 1101 3463 sit,
1151 3384 1279 3446 imo
1328 3384 1636 3467 pessime,
1692 3381 2047 3445 hominibus
2095 3382 2229 3443 istis
2280 3400 2569 3465 perverse

540 3500 862 3587 officiosis,
905 3503 1009 3588 qui
1044 3502 1515 3587 epigrammatia
1548 3522 1783 3587 nupera
1802 3502 1852 3583 4)
1880 3500 2096 3587 praelo
2125 3500 2583 3567 commiserunt.

539 3618 623 3685 Et
669 3602 913 3707 poterat
960 3621 1082 3685 hoc
1131 3628 1336 3685 tamen
1386 3621 1590 3707 aliquo
1644 3621 1833 3685 modo
1886 3620 2206 3704 excusari,
2260 3639 2403 3683 oum
2428 3618 2587 3682 forte

639 3791 678 3867 ¹)
765 3792 1046 3850 Fortasse
1071 3795 1201 3849 erat
1217 3790 1595 3868 argentarius
1612 3790 2243 3856 Amstelaedamensis.
2270 3789 2586 3847 Plumerus

540 3878 804 3935 carmine
817 3878 922 3935 Bel
931 3878 1065 3955 gico
1083 3877 1331 3934 Mariam
1343 3876 1663 3953 Magdalen
1672 3896 1767 3933 am
1790 3896 1899 3934 van
1914 3876 2227 3933 Kuffelaar
2240 3875 2584 3933 celebravit.

629 3962 678 4036 2)
766 3964 836 4021 In
884 3982 957 4020 ea
999 3963 1242 4039 legione
1287 3964 1354 4019 Β.
1403 3969 1585 4021 antea
1628 3962 1933 4038 stipendIa
1976 3963 2213 4020 meruit.

629 4044 678 4121 3)
767 4048 1061 4107 Graevius
1108 4048 1383 4105 Salmasii
1412 4048 1647 4105 ‘librum
1691 4049 1911 4106 iterum
1951 4047 2138 4105 edidit
2167 4047 2229 4108 in
2274 4034 2587 4103 leasa'uro

541 4134 1002 4211 Antiquitatum
1049 4134 1499 4208 Romanarum,
1547 4134 1664 4191 vol.
1712 4132 1805 4206 X,
1856 4153 1991 4210 pag.
2048 4136 2243 4206 1284,
2290 4151 2419 4209 sqq.

593 4217 678 4292 ,4)
768 4220 972 4277 Sermo
1034 4238 1162 4277 esse
1222 4220 1461 4277 videtur
1519 4219 1593 4277 de
1655 4220 2042 4295 responsione
2095 4219 2169 4275 ad
2217 4220 2592 4295 epigramma

535 4309 752 4383 poetae
796 4306 958 4364 Galli
1001 4305 1065 4363 in
1107 4304 1403 4383 Principis
1447 4303 1808 4362 Arausicani
1856 4304 2309 4381 expeditionem
2358 4302 2589 4361 Britan-

535 4392 734 4449 nicam
779 4410 816 4449 a
857 4391 1058 4450 ventis
1101 4391 1498 4450 disturbatam
1546 4390 1801 4466 (Poem,
1848 4409 1985 4467 pag.
2038 4390 2184 4463 330)
2232 4396 2291 4457 et
2336 4390 2411 4446 de
2457 4387 2582 4465 epi-

539 4482 904 4559 grammate:
951 4477 1026 4535 Ιη
1071 4477 1349 4537 Jesuitas
1397 4476 1613 4536 Gallos
1661 4475 1799 4551 (l.l.,
1845 4494 1982 4554 pag.
2036 4476 2206 4553 331).
