2975 5209
1522 481 1605 543 62

539 671 782 741 Dicam.
855 673 1046 761 Apud
1095 675 1521 761 Propertium,
1575 674 1681 737 lib.
1737 674 1798 737 3.
1851 672 1953 739 El.
2010 678 2044 738 7
2088 671 2163 760 Ι),
2218 675 2317 742 hic
2368 699 2597 745 versus

539 802 668 883 est,
722 798 966 885 qualem
1017 796 1268 883 quidem
1319 794 1511 860 edidit
1558 793 1840 879 Scaliger
1867 788 1958 877 ²):

853 917 1234 982 Praxitelem
1283 917 1569 1003 proprius
1620 916 1891 979 vindicat
1940 922 2071 979 arte
2122 916 2303 1003 lapis.

537 1035 662 1101 Pro
733 1044 808 1118 τῷ
867 1039 1184 1121 proprius
1252 1036 1587 1121 pleraeque
1648 1035 1949 1099 editiones
2001 1034 2234 1099 habent
2286 1035 2589 1102 Patrius,

535 1156 652 1221 Est
686 1157 822 1242 ejus
872 1156 1204 1221 Praxitelis
1255 1156 1484 1219 mentio
1538 1156 1701 1240 apud
1750 1154 2069 1239 Plinium,
2090 1154 2196 1218 lib.
2244 1157 2371 1240 34,
2410 1176 2461 1219 c.
2504 1158 2587 1242 8,

533 1277 641 1341 ubi
691 1298 834 1342 eum
881 1277 1161 1340 floruisse
1213 1277 1296 1339 ait
1345 1274 1683 1339 centesima
1730 1280 1949 1359 quarta
1984 1273 2408 1361 Olympiade,
2460 1298 2594 1341 una

535 1418 674 1461 cum
722 1396 1152 1483 Euphranore.
1255 1394 1450 1458 Multa
1500 1412 1705 1457 autem
1754 1394 2089 1458 Praxitelis
2142 1415 2338 1481 opera
2370 1416 2588 1461 recen-

437 1580 442 1585 .
537 1524 630 1580 set
673 1516 780 1593 ljb.
822 1520 902 1601 7,
940 1537 993 1580 c.
1033 1518 1159 1598 38,
1199 1522 1259 1579 et
1291 1515 1397 1577 lib.
1438 1518 1565 1597 36,
1604 1534 1654 1575 c.
1698 1515 1770 1597 5,
1810 1535 2111 1599 nusquam
2146 1514 2309 1577 facta
2342 1515 2585 1599 patriae

537 1636 865 1699 mentione.
964 1634 1091 1699 Iste
1151 1655 1340 1721 porro
1391 1656 1605 1697 versus
1655 1633 1998 1718 Propertii,
2055 1655 2237 1720 quem
2288 1635 2578 1721 laudavi,

537 1755 597 1818 in
669 1755 912 1821 duobus
972 1754 1151 1820 MSS.
1208 1754 1565 1837 codicibuS,
1620 1775 1774 1839 quos
1826 1774 1943 1837 ego
1996 1762 2055 1817 et
2104 1753 2404 1818 Francius
2453 1762 2582 1819 stu-

535 1874 709 1941 diose
773 1875 1171 1960 contulimus,
1246 1876 1332 1937 ita
1404 1873 1811 1959 liquidissime
1885 1894 1957 1936 ac
2038 1874 2169 1937 sine
2219 1875 2348 1938 ulla
2396 1875 2583 1939 litura

535 2000 885 2082 comparet:

850 2114 1232 2179 Praxitelem
1275 2115 1557 2197 propria
1607 2113 1877 2176 vindicat
1926 2100 2085 2176 urbe
2130 2111 2306 2198 lapis.

535 2232 635 2299 Ea
699 2234 883 2299 lectio
947 2236 998 2298 si
1067 2255 1215 2299 vera
1283 2240 1407 2318 est,
1475 2232 1727 2295 Parium
1794 2232 1984 2297 fuisse
2035 2238 2295 2319 oportet.
2396 2230 2579 2310 Quod

531 2352 699 2417 idem
769 2353 921 2417 mihi
1002 2354 1279 2439 suggerit
1353 2352 1613 2416 Plinius,
1717 2351 1947 2414 Omnes
2010 2351 2230 2437 (inquit
2276 2350 2386 2415 lib.
2442 2353 2573 2436 36,

533 2492 586 2537 c.
618 2473 685 2557 5)
713 2479 961 2538 tantum
989 2475 1267 2538 candido
1295 2493 1620 2536 marmore
1645 2474 1749 2534 usi
1776 2477 1923 2533 suni
1946 2492 1976 2534 e
1994 2470 2166 2533 Paro
2188 2472 2441 2557 insula,
2462 2479 2576 2534 etc.

533 2590 778 2678 Anglus
827 2602 1031 2659 autem
1080 2595 1213 2679 ille,
1269 2594 1371 2679 qui
1415 2593 1593 2655 nobis
1629 2590 2077 2653 Dictionarium
2114 2589 2579 2676 Geographico-

534 2703 846 2797 poeticum
889 2719 1002 2776 etc.
1055 2713 1464 2795 concinnavit,
1506 2710 1657 2787 (noli
1689 2710 1918 2793 ridere)
1953 2709 2336 2773 Praxitelem
2370 2714 2579 2773 natum

536 2829 682 2894 dicit
751 2831 812 2894 in
864 2837 1145 2895 extrema
1192 2831 1413 2895 Italiae
1465 2852 1607 2915 ora,
1666 2851 1853 2916 quam
1901 2850 2194 2913 magnam
2246 2827 2579 2893 Graeciam

535 2949 869 3035 vocabant,
923 2950 1148 3015 deinde
1198 2950 1278 3014 ob
1314 2951 1462 3014 artis
1516 2950 1947 3015 excellentiam
1996 2949 2247 3013 civitate
2292 2947 2580 3011 Romana

539 3068 851 3134 donatum.
953 3068 1135 3134 Unde
1202 3071 1308 3133 ille
1377 3070 1497 3133 hoc
1546 3070 1872 3153 habuerit,
1944 3089 2062 3130 non
2114 3088 2369 3153 possum
2421 3066 2577 3130 diri-

534 3184 702 3253 nare.
801 3188 1021 3275 Neque
1094 3188 1256 3254 enim
1328 3189 1600 3274 Plinius,
1678 3197 1743 3251 ut
1816 3189 1973 3252 nosti
2044 3187 2313 3272 optime,
2378 3207 2578 3272 neque

535 3305 939 3390 Athenaeus,
1001 3308 1112 3373 ubi
1187 3309 1263 3373 de
1312 3308 1633 3373 Praxitele
1682 3329 1883 3372 sermo
1936 3316 2067 3391 est,
2122 3308 2258 3392 ejus
2307 3327 2578 3394 unquam

536 3427 773 3512 patriae
797 3429 1225 3493 meminerunt.
1295 3428 1420 3493 Sed
1445 3427 1708 3492 fortasse
1732 3426 1892 3491 hanc
1918 3434 2042 3491 tam
2070 3426 2303 3490 bellam
2330 3432 2578 3512 tamque

537 3546 840 3610 eruditam
890 3547 1312 3633 quaestionem
1347 3546 1657 3631 suggessit
1691 3546 1840 3610 mihi
1875 3554 2165 3631 corrupta
2196 3544 2580 3631 manuscrip-

537 3672 739 3731 torum
795 3665 997 3730 lecti0.
1099 3664 1285 3738 Quod
1332 3667 1392 3729 in
1441 3666 1540 3729 his
1588 3665 1782 3729 literis
1833 3687 1950 3729 non
2004 3664 2160 3728 adeo
2214 3686 2422 3727 rarum
2456 3669 2568 3729 est.

537 3782 636 3847 Tu
705 3784 994 3869 ignosce,
1065 3784 1150 3847 mi
1224 3784 1484 3871 Gra-evi,
1559 3792 1651 3870 et,
1704 3785 1871 3871 quod
1922 3791 1979 3849 te
2028 3784 2234 3849 facere
2283 3783 2574 3869 gaude0,

533 3900 998 3967 Broukhusium
1049 3925 1258 3969 amare
1305 3925 1527 3991 perge,

633 4070 674 4146 ¹)
709 4092 770 4115 =
803 4074 841 4131 l.
876 4074 995 4147 IV,
1033 4078 1102 4149 8,
1132 4096 1211 4133 vs.
1247 4080 1339 4134 16.
1365 4075 1521 4135 Vide
1546 4076 1815 4155 Propert.
1842 4076 2239 4151 Broukhusii,
2272 4095 2407 4155 pag.
2437 4076 2576 4135 257.

621 4156 667 4232 2)
763 4160 1054 4237 Iosephus
1097 4162 1297 4221 Iustus
1344 4163 1613 4240 Scaliger
1659 4166 2165 4239 (imo—1609),
2214 4163 2455 4236 GalluS,
2488 4162 2580 4220 vir

533 4244 1004 4319 eruditissimuS,
1050 4246 1190 4305 inde
1237 4248 1312 4306 ab
1360 4268 1521 4305 anno
1574 4250 1731 4306 1593
1778 4250 2080 4325 professor
2125 4248 2236 4306 fuit
2276 4246 2575 4325 Lugduni.

531 4330 753 4389 Multos
819 4339 1098 4391 auctores
1165 4334 1418 4391 Latinos
1486 4334 1677 4391 edidit.
1744 4340 1803 4393 et
1869 4335 1943 4392 de
1994 4353 2060 4391 re
2107 4334 2576 4410 chronologica,

533 4416 927 4495 epigraphica
971 4422 1154 4494 atque
1201 4418 1538 4477 nummaria
1574 4419 1823 4498 scripsit.
1914 4419 2289 4496 Propertium
2321 4438 2374 4477 a.
2414 4420 2573 4477 1577

532 4501 724 4565 edidit
768 4502 1067 4563 Lutetiae.
