2975 5209
1524 484 1652 550 146

558 684 770 766 erunt3
825 680 946 745 hoc
995 687 1120 767 est,
1171 680 1366 748 libros
1415 703 1562 768 eos,
1616 682 1718 768 qui
1767 681 2151 747 emendando
2185 683 2411 768 poetae
2453 700 2605 745 meo

556 796 759 865 facem
825 801 980 866 mihi
1047 803 1525 889 praeluxerunt,
1595 801 1922 886 indicab0‚
1985 823 2125 866 cum
2189 807 2365 887 grata
2420 799 2611 863 simul

558 923 1150 987 commemoratione
1215 923 1461 988 illorum
1522 922 1827 1005 virorum,
1882 921 2102 1007 quibus
2154 921 2250 984 vel
2300 919 2614 984 librorum

557 1060 810 1104 usuram
885 1041 1123 1126 debeo,
1195 1043 1295 1106 vel
1368 1051 1662 1128 excerpta
1730 1042 2025 1105 variantis
2076 1040 2437 1125 scripturae.
2534 1037 2613 1102 In

559 1158 680 1224 hoc
750 1181 978 1245 genere
1045 1167 1184 1225 sunt
1256 1161 1486 1226 codicis
1545 1161 1934 1225 Borrichiani
1984 1161 2317 1244 lectiones,
2372 1158 2449 1222 ad
2498 1164 2610 1236 te,

559 1278 648 1341 mi
712 1285 927 1366 pater,
1000 1286 1140 1345 ante
1214 1302 1404 1346 annos
1469 1282 1736 1368 quinque
1787 1302 1821 1344 e
1872 1281 2079 1345 Dania
2128 1279 2521 1343 transmissae
2570 1299 2618 1342 a

558 1395 726 1462 Viris
776 1398 1149 1464 Clarissimis
1196 1399 1532 1486 Vindingio
1584 1413 1644 1465 et
1691 1400 2034 1467 Wolfeni0.
2133 1400 2230 1464 Ita
2278 1400 2438 1464 enim
2475 1404 2613 1462 tum

561 1518 641 1582 ad
716 1540 816 1583 me
889 1519 1239 1585 scribebas:
1320 1519 1480 1597 „Cui
1553 1521 1850 1585 debemus
1923 1520 2082 1585 haec
2130 1525 2462 1605 excerpta,
2515 1525 2619 1582 est

560 1636 822 1702 Paullus
893 1638 1261 1725 Vindingius
1309 1639 1559 1705 Erasmi
1625 1640 1746 1725 F.‚
1820 1640 1923 1725 qui
1971 1638 2138 1724 Regi
2187 1646 2280 1702 est
2327 1659 2365 1699 a
2412 1636 2618 1701 consi-

560 1757 660 1822 liis
731 1759 794 1822 in
855 1758 1001 1842 jure
1066 1759 1375 1846 dicundo,
1456 1770 1517 1824 et
1564 1761 1748 1824 simul
1801 1758 2133 1823 Professor
2186 1764 2280 1822 est
2328 1755 2618 1821 Graecae

561 1876 847 1962 linguae,
943 1886 1003 1942 et
1085 1880 1396 1966 inspector
1469 1878 1734 1962 collegii
1803 1877 2053 1942 Medici.
2154 1876 2319 1941 Nam
2389 1882 2623 1960 rogatu

562 1994 898 2081 wolfenii‚
974 1998 1263 2062 archiatri
1326 1998 1632 2084 Principis
1684 1997 2081 2062 haereditarii
2130 1997 2345 2081 regni,
2399 2001 2460 2059 et
2507 1995 2623 2080 qui

563 2113 730 2198 Regi
800 2124 893 2179 est
965 2137 1003 2178 a
1049 2116 1466 2200 bibliotheca,
1546 2117 1705 2180 hanc
1776 2117 1957 2180 nobis
2024 2137 2283 2202 operam
2339 2115 2617 2177 navavit.

564 2230 825 2317 Utrique
872 2234 1109 2317 gratiae
1157 2248 1297 2298 sunt
1344 2235 1625 2318 agendae
1675 2256 1788 2320 pro
1839 2236 1960 2299 hoc
2028 2235 2234 2299 officio
2289 2232 2617 2320 publice.”

563 2349 706 2435 Ego
756 2372 904 2415 vero
953 2373 1137 2437 agam
1186 2353 1439 2435 sedum,
1493 2375 1697 2440 neque
1747 2355 2133 2419 committam
2180 2360 2248 2417 ut
2296 2351 2463 2438 apud
2495 2351 2625 2414 im-

565 2488 907 2533 memorem
975 2479 1079 2535 aut
1125 2472 1434 2555 ingratum
1485 2473 1604 2536 hoc
1654 2494 1833 2535 suum
1885 2495 1954 2536 se
2003 2473 2375 2536 beneficium
2424 2470 2628 2534 collo-

563 2607 739 2651 casse
804 2589 947 2671 jure
1020 2590 1192 2675 queri
1263 2591 1521 2675 possint.
1622 2591 1750 2655 Sed
1820 2591 1973 2654 mihi
2049 2592 2204 2655 scito
2281 2611 2437 2675 opus
2484 2598 2626 2674 est,

562 2705 783 2789 ecquid
845 2707 904 2768 in
970 2707 1087 2769 hac
1153 2729 1314 2771 nova
1379 2729 1585 2772 rerum
1658 2709 2040 2773 Danicarum
2103 2709 2536 2772 immutatione
2578 2709 2629 2791 ¹)

563 2822 749 2885 etiam
822 2838 1055 2887 mutata
1121 2827 1198 2888 sit
1263 2827 1486 2891 horum
1550 2830 1822 2892 virorum
1894 2829 2182 2913 fortuna,
2235 2849 2314 2892 ne
2363 2826 2513 2913 quid
2559 2828 2632 2891 in

563 2960 777 3003 eorum
826 2941 1183 3026 dignitatem
1234 2965 1493 3029 peccem
1527 2948 1910 3032 imprudens
2014 2947 2177 3010 Tum
2217 2956 2280 3012 et
2313 2946 2632 3011 Wolfenii

563 3078 941 3141 praenomen
1024 3063 1181 3125 scire
1254 3062 1562 3128 desidero.
1660 3065 1872 3130 Velim
1949 3073 2011 3130 et
2075 3074 2410 3152 utrumque
2472 3065 2634 3130 editi

564 3173 704 3236 libri
791 3179 1081 3262 exemplo
1164 3181 1571 3247 cohonestare
1595 3233 1611 3265 ,
1685 3185 1739 3247 si
1811 3185 1978 3249 viam
2053 3186 2317 3250 scivero.
2417 3183 2632 3248 Tuum

566 3292 679 3356 erit
699 3342 716 3375 ‚
770 3293 882 3357 Vir
927 3295 1501 3384 Excellentissime‚
1555 3310 1797 3367 aestum
1831 3305 1996 3369 hunc
2038 3327 2252 3370 meum
2286 3305 2642 3392 explicare,

566 3428 687 3492 qno
760 3414 1034 3476 securius
1083 3416 1266 3481 labor
1311 3419 1413 3484 hic
1461 3443 1644 3486 meus
1690 3425 1751 3486 in
1805 3425 2132 3509 publicum
2180 3426 2362 3490 exire
2409 3424 2639 3511 possita

563 3523 794 3609 Adjicc
861 3529 978 3592 hoc
1050 3534 1237 3599 etiam
1290 3555 1375 3600 tot
1425 3542 1763 3623 praeclaris
1816 3543 1940 3605 tuis
1990 3565 2143 3628 erga
2189 3566 2294 3609 me
2344 3545 2587 3609 meritis
2617 3595 2641 3629 ,

568 3656 629 3705 Ν
699 3664 834 3715 ¹1¹0·
909 3648 962 3709 Si
1028 3671 1306 3723 mereor,
1362 3677 1575 3722 :unare
1620 3680 1855 3744 perge,
1909 3663 2015 3747 qui
2063 3671 2127 3727 te
2173 3685 2369 3750 supra
2416 3684 2646 3729 omnes

565 3762 859 3827 mortales
908 3785 966 3829 et
1017 3770 1155 3832 colo
1207 3791 1264 3835 ct
1313 3795 1596 3839 veneror.
1695 3777 1884 3842 Vale.

658 3875 1005 3946 Arnstclod.
1104 3887 1162 3949 in
1212 3910 1420 3955 cremo
1469 3894 1856 3959 suburbano.
1917 3901 2002 3962 16
2055 3899 2214 3964 ,Iulii
2270 3904 2480 3968 1701.

585 3996 808 4057 literas
875 4017 1010 4062 tuas
1071 4005 1121 4065 si
1190 4008 1287 4069 ve}
1356 4010 1437 4072 ad
1486 4011 1790 4076 llalmam
1841 4016 2128 4100 miseris,
2185 4021 2286 4082 vel
2330 4021 2417 4084 ad
2451 4021 2645 4086 Wet-

589 4109 867 4181 anutium.
937 4117 1077 4182 inde
1137 4143 1255 4207 ego
1313 4130 1646 4195 commode
1696 4153 2019 4218 recepero·
2119 4137 2290 4201 xm
2340 4162 2507 4226 ‘1⁰⁸0
2556 4142 2646 4206 ad

668 4349 731 4446 *Nx
796 4348 887 4408 Ab
952 4374 1109 4417 atino
1180 4369 1338 4425 1610
1395 4371 1473 4430 ad
1523 4378 1684 4430 12399
1756 4377 2143 4440 Christianus
2205 4385 2266 4439 V
2331 4387 2453 4446 fnit
2497 4388 2644 4447 Rex

585 4432 827 4491 luuram
919 4436 1265 4506 Maioris-us
1306 4452 1391 4510 lx·
1433 4456 1497 4514 in
1541 4459 1671 4516 eius
1713 4460 1911 4521 loen-n
1955 4484 2155 4545 regno
2197 4474 2519 4532 ⁸⁸0?ch
