2975 5209
1387 512 1425 573 5

375 712 630 771 conatus
657 713 767 771 est.
823 706 1224 771 Hermannus
1259 714 1468 771 tamen
1503 704 1819 791 Angelkot
1838 708 1899 791 ¹),
1956 708 2059 793 qui
2091 708 2435 775 Broukhu-

267 898 282 907 ⁶
377 826 540 890 sium
599 826 866 897 docebat
916 826 1145 891 herbas
1198 826 1412 911 legere
1463 834 1526 889 et
1574 835 1778 890 terere
1826 827 2259 915 potionesque
2288 849 2434 894 con-

377 965 678 1031 coquere,
755 954 886 1010 erat
959 946 1050 1010 vir
1125 967 1248 1010 non
1321 946 1509 1031 plane
1580 945 1929 1011 illiteratus,
2041 946 2434 1033 Tragoedias

377 1064 539 1128 enirn
592 1063 868 1128 Gallicas
917 1066 1240 1129 nonnullas
1293 1066 1471 1129 vertit
1522 1072 1582 1128 et
1622 1065 2010 1130 comoediam
2053 1069 2427 1153 composuit.

377 1182 810 1248 Broukhusius
909 1206 1047 1249 cum
1132 1184 1238 1249 illo
1315 1158 1442 1249 viro
1519 1184 1853 1249 amicitiam
1932 1186 2164 1271 iunxit,
2250 1208 2436 1273 quam

378 1325 714 1390 numquam
768 1304 1136 1392 deposuit2)‚
1194 1310 1336 1368 nam
1377 1303 1788 1389 Angclkottio
1821 1306 1961 1392 plus
1996 1306 2437 1393 quinquaginta

378 1423 552 1486 annis
622 1431 764 1509 post
835 1432 1268 1489 testamentum
1343 1430 1571 1511 poetae
1634 1425 2075 1511 resignandum
2128 1426 2423 1491 traditum

381 1551 476 1609 est
509 1545 577 1628 ³).
679 1544 876 1609 Janus
952 1550 1153 1608 tamen
1228 1566 1348 1608 non
1435 1545 1542 1607 diu
1609 1544 1735 1608 arti
1805 1544 2436 1632 pharmacopolarum

377 1686 633 1750 operam
685 1665 888 1750 dedit3
943 1665 1189 1729 deserta
1219 1664 1478 1728 taberna
1514 1673 1899 1728 sacramento
1934 1685 2002 1728 se
2038 1666 2341 1749 obligavit
2384 1668 2436 1751 4)

379 1792 442 1849 et
505 1784 890 1870 Groningam
939 1786 1160 1849 missus
1214 1793 1308 1849 est
1363 1786 1434 1868 ⁵).
1535 1782 1857 1847 studiosos
1908 1786 2269 1873 nonnullos,
2324 1787 2434 1872 qui

375 1903 587 1967 militis
635 1904 887 1989 elegans
925 1904 1239 1989 ingenium
1274 1912 1454 1990 atque
1489 1904 1789 1988 insignem
1825 1905 2191 1969 memoriam
2226 1906 2425 1969 admi-

381 2023 676 2088 rabantur
733 2025 822 2109 ⁰),
883 2024 940 2087 in
990 2025 1099 2088 illa
1147 2024 1300 2088 urbe
1344 2024 1464 2087 sibi
1516 2023 1879 2087 conciliavit.
1949 2023 2133 2087 Bello
2196 2025 2433 2111 patriae

378 2150 627 2207 nostrae
698 2144 927 2209 indicto
1001 2144 1434 2209 Broukhusius
1514 2164 1672 2207 anno
1754 2145 1928 2207 1672
2007 2150 2071 2207 et
2130 2143 2438 2208 obsidioni
2510 2157 2532 2179 ⁶

374 2262 768 2348 Groningae,
847 2285 969 2350 qua
1039 2262 1394 2349 Episcopus
1465 2260 1967 2327 Monasteriensis
2041 2274 2103 2327 et
2166 2262 2421 2328 Elector

478 2482 519 2558 ¹)
607 2484 927 2545 Habitavit
971 2486 1035 2543 in
1073 2486 1285 2563 platea
1329 2504 1549 2543 nomen
1597 2486 1855 2545 ducente
1902 2487 1977 2545 ab
2009 2486 2434 2561 instrumento,

374 2589 497 2647 quo
544 2570 1052 2649 pharmacopolae
1100 2571 1372 2649 quotidie
1404 2576 1691 2648 utu-ntur,
1740 2591 1983 2650 nempe:
2031 2572 2433 2649 Vijzelstraat.

377 2656 552 2714 Obiit
599 2676 654 2713 a.
706 2659 885 2714 1726.

469 2738 522 2815 2)
610 2742 698 2800 Of.
754 2742 1109 2819 Angelkotti
1158 2761 1400 2801 carmen
1445 2744 1702 2801 funebre
1747 2744 1808 2801 in
1854 2743 2302 2802 Broukhusium
2348 2744 2434 2817 (J.

397 2826 528 2885 Van
578 2828 1033 2887 Broekhuizens
1082 2829 1437 2903 Gedichte‘n,
1482 2848 1623 2906 pag.
1674 2832 1798 2903 81).

476 2908 527 2985 r⁴)
613 2912 799 2970 Vide:
891 2914 1011 2971 Het
1057 2914 1290 2988 Leven,
1335 2933 1473 2991 pag.
1527 2917 1623 2971 31.

473 2995 522 3071 4)
609 2998 862 3057 Videtur
927 3000 994 3056 B.
1067 3018 1119 3056 a.
1195 3001 1354 3057 1672
1425 3018 1644 3057 nomen
1707 2997 1941 3057 dedisse
1994 3000 2267 3059 militiae.
2358 3000 2429 3057 In

381 3084 648 3142 carmine
685 3082 908 3158 enim,
979 3085 1075 3143 cui
1135 3085 1378 3161 titulus3
1427 3086 1530 3163 Ad
1560 3092 1862 3162 patruum
1912 3104 2105 3143 suum.
2197 3086 2438 3145 Fausta

384 3171 538 3227 anni
585 3172 940 3246 apprecatio
988 3172 1108 3247 (cf..
1159 3172 1337 3230 Poem
1376 3216 1390 3245 ‚
1438 3190 1575 3248 pag.
1627 3171 1773 3244 405)
1818 3170 2108 3247 legimus:

559 3255 920 3329 „Decreram
962 3256 1176 3334 positis
1214 3256 1341 3332 jam
1386 3256 1633 3315 tandem
1676 3256 1881 3315 vivere
1926 3256 2136 3332 nugis3

645 3341 719 3400 Et
764 3341 1054 3401 damnosa
1100 3342 1250 3400 levis
1293 3342 1577 3419 frangere
1621 3342 1851 3418 plectra
1895 3341 2097 3417 lyraess

423 3452 434 3460 ·
555 3426 760 3502 Atque
806 3428 958 3485 alias
1003 3434 1132 3486 arte
1179 3428 1500 3505 complecti
1544 3426 1792 3485 sedulus
1832 3432 2025 3499 arma,

641 3512 932 3589 Quaeque
977 3514 1174 3571 virum
1218 3514 1479 3591 possint,
1528 3530 1805 3590 quaeque
1839 3512 2052 3570 decere
2084 3512 2348 3569 senem.”

467 3597 672 3655 Verba
714 3598 823 3655 illa
866 3599 1077 3657 melius
1120 3600 1425 3676 pertinent
1470 3599 1547 3657 ad
1578 3604 1771 3657 artem
1792 3597 2428 3676 pharmacopolarum,

383 3701 563 3758 quain
613 3683 688 3741 ad
734 3703 830 3742 res
877 3686 1142 3742 bellicas.
1191 3686 1267 3743 Et
1292 3702 1531 3743 carmen
1559 3684 1709 3742 illud
1746 3720 1815 3730 --
1854 3689 1920 3743 ut
1942 3688 2194 3761 apparet
2225 3682 2435 3741 elibro

379 3786 568 3825 manu
635 3770 858 3847 scripto
925 3770 1292 3829 Broukhusii
1363 3770 1711 3829 Carminum
1777 3770 2175 3843 Iuvenilium‚
2224 3767 2435 3844 quiin

379 3852 765 3912 Bibliotheca
829 3856 1221 3933 Lugdunensi
1286 3861 1561 3915 servatur
1604 3888 1689 3901 --
1734 3855 2125 3932 compositum
2173 3860 2262 3913 est
2292 3850 2431 3911 Kal.

379 3938 522 3997 Jan.
571 3958 624 3997 a.
680 3942 856 3998 1672.

474 4022 524 4098 ⁵)
570 4025 659 4083 Of.
702 4045 978 4085 carmen:
1014 4024 1565 4104 Cum'Groninyam
1591 4032 1744 4083 esset
1768 4027 2154 4084 discessurus
2184 4026 2433 4100 (Poem.‚

267 4152 280 4160 .
379 4128 522 4188 pag.
573 4112 740 4185 415).

475 4192 524 4268 ⁰)
573 4195 664 4253 Cf.
701 4196 820 4255 Het
865 4198 1099 4271 Leven,
1146 4200 1284 4274 pag.
1337 4200 1448 4264 37,
1502 4202 1564 4256 et
1587 4196 1888 4254 carmina:
1939 4194 2040 4253 Ad
2066 4195 2435 4253 Academiae

385 4281 827 4357 Groninyanae
872 4284 1184 4342 studiosos
1221 4289 1368 4359 post
1415 4284 1716 4341 desertam
1763 4281 1836 4340 ab
1874 4280 2181 4357 Episcopo
2218 4280 2435 4338 Mona-

381 4368 674 4423 steriensi
719 4368 1087 4426 obsidionem
1135 4366 1751 4426 anno-MDCLXXII
1802 4368 2053 4441 (Poem.,
2098 4384 2234 4442 pag.
2266 4366 2433 4438 418),

381 4456 445 4509 et
511 4451 586 4508 In
655 4452 925 4511 Gerardi
992 4460 1088 4511 ten
1159 4452 1318 4530 Bery
1381 4452 1863 4530 disputationem
1895 4453 2239 4528 juridicam
2284 4449 2433 4525 (1.l.,

379 4554 521 4617 pag.
570 4538 737 4614 420).
