2975 5209
1548 439 1683 520 162

566 704 578 714 ,
681 635 958 704 Pulchra
1015 640 1158 702 sunt
1202 632 1519 723 profecto,
1570 651 1731 721 qnae
1779 630 1859 700 de
1911 631 2168 699 Baccho
2220 636 2285 699 et
2339 630 2605 698 Osiride
2618 680 2647 715 ,

587 777 777 846 quem
842 775 1037 820 unum
1103 753 1396 842 idemque
1469 752 1657 819 deum
1702 750 1975 818 faciebat
2021 772 2191 818 vana
2238 751 2596 840 superstitio
2620 801 2643 838 ,

587 875 888 942 observas
917 875 1006 960 ’ὓς
1056 893 1321 959 cumque
1367 893 1598 939 numen
1634 871 1797 938 illud
1844 874 2080 939 laetum
2132 877 2199 936 et
2226 862 2427 937 hilare
2457 870 2653 937 faciat

589 994 878 1062 Tibullus
897 1044 917 1081 ,
975 1013 1169 1082 saepe
1216 1011 1465 1059 mecum
1513 998 1576 1058 et
1624 998 1809 1058 antea
1862 991 2164 1080 perpendi
2178 1042 2199 1070 ,
2249 991 2355 1078 qui
2404 992 2649 1056 luctum

591 1117 696 1184 vel
763 1117 1009 1181 vultum
1078 1115 1289 1203 potius
1365 1113 1599 1179 Osiridi
1669 1113 1934 1210 tribuat,
2008 1134 2171 1201 quae
2242 1111 2432 1178 ambo
2480 1118 2655 1178 certe

591 1235 910 1324 rigiditum
989 1241 1053 1301 et
1139 1241 1384 1301 torvum
1464 1233 1613 1321 quid
1682 1234 1888 1300 inesse
1955 1233 2212 1299 Baccho
2281 1232 2647 1319 significant.

688 1353 837 1422 Non
897 1354 1014 1420 tibi
1061 1360 1210 1420 sunt
1259 1356 1478 1419 tristes
1526 1374 1725 1419 curae
1744 1401 1764 1437 ,
1818 1375 1948 1420 non
1996 1354 2216 1418 vultus
2266 1351 2449 1418 Osiri
2476 1353 2550 1438 ²),

593 1475 714 1542 nisi
780 1477 972 1563 poeta
1041 1474 1392 1562 alloquatur
1459 1473 1785 1540 Bacchum
1830 1474 1934 1539 vel
1986 1472 2217 1539 Osirim
2263 1472 2481 1560 illique
2526 1493 2652 1538 nec

594 1596 800 1663 tristes
869 1615 1049 1662 curas
1120 1615 1262 1662 esse
1280 1643 1299 1672 ,
1373 1615 1488 1660 nec
1556 1593 1799 1661 tristem
1853 1594 2093 1659 vultum
2141 1593 2242 1659 vel
2282 1589 2642 1682 σκυθρωπὸν

595 1721 813 1794 canat,
897 1721 962 1781 et
1027 1714 1116 1780 ita
1185 1712 1581 1781 obscuritatis
1654 1712 1941 1780 vitandae
2018 1715 2208 1780 causa
2234 1765 2252 1801 ,
2349 1714 2647 1802 distingui

596 1853 814 1901 versus
843 1875 850 1877 -
879 1833 1025 1920 ius,
1091 1834 1148 1898 si
1193 1831 1345 1921 quid
1388 1831 1613 1919 video,
1664 1830 1957 1920 deberet,
2010 1851 2122 1899 nee
2169 1835 2386 1900 vultus
2437 1833 2647 1902 Osiri.

692 1951 951 2019 Constat
974 1951 1333 2040 ceteroquin
1359 1950 1593 2018 Osirim
1626 1951 1744 2018 diis
1774 1951 1986 2019 inferis
2017 1952 2211 2021 fuisse
2244 1954 2643 2040 accensitum,

599 2078 664 2140 et
743 2073 1210 2159 morositatem,
1299 2077 1484 2162 atque
1548 2073 1860 2139 tristitiam
1932 2072 2012 2139 ab
2086 2096 2161 2140 eo
2234 2093 2627 2162 nequaqnam

599 2191 873 2259 abfliisse
891 2241 910 2280 ,
963 2213 1150 2281 qnam
1195 2191 1259 2258 in
1306 2214 1441 2260 rem
1488 2193 1643 2259 mihi
1674 2214 1796 2259 non
1827 2193 2204 2280 inelegantia
2237 2199 2449 2259 notata
2482 2199 2653 2258 sunt.

692 2310 853 2378 Mais
920 2311 1016 2378 les
1084 2311 1298 2379 Dienx
1365 2311 1450 2378 du
1497 2313 1861 2401 paganismo
1909 2319 2049 2379 sont
2096 2314 2138 2379 ὲ,
2185 2310 2352 2379 deux
2398 2312 2598 2378 mains
2620 2361 2646 2394 ‚

601 2437 666 2499 et
732 2431 822 2497 ita
890 2429 1089 2497 Osiris
1159 2431 1416 2499 Baccho
1492 2433 1869 2516 assimilatus
1917 2435 2117 2499 laetus
2166 2439 2229 2498 et
2275 2432 2489 2498 hilaris
2539 2429 2655 2497 de-

603 2550 920 2637 scribitur,
972 2549 1224 2618 Plutoni
1272 2573 1420 2619 vero
1467 2553 1790 2619 vultuosus
1840 2559 1903 2619 et
1948 2552 2347 2618 truculentus.

695 2667 894 2735 Vides
958 2669 1131 2758 hinc,
1201 2672 1297 2737 vir
1354 2674 1915 2761 praestantissime,
1965 2695 2068 2741 me
2108 2674 2247 2760 jam
2294 2672 2465 2739 haud
2510 2693 2659 2760 per-

603 2790 905 2857 functorie
976 2790 1300 2858 Tibullum
1371 2807 1545 2859 tuum
1609 2793 1874 2880 legisse3
1927 2813 2194 2881 eumque
2240 2798 2439 2860 totum
2486 2791 2663 2858 evol-

604 2930 753 2976 vere
823 2911 1108 2978 constitui
1176 2912 1364 2978 simul
1435 2935 1511 2980 ac
1581 2934 1620 2978 a
1691 2914 1953 3001 negotiis
2002 2912 2163 2979 liber
2210 2933 2337 2979 ero.
2436 2911 2648 2978 Meam

605 3037 815 3097 autem
861 3030 1024 3097 hanc
1068 3031 1421 3099 libertatem
1446 3033 1654 3121 aequi
1698 3039 1762 3100 te
1796 3032 2070 3120 bonique
2101 3032 2408 3098 facturum
2440 3052 2655 3120 spero,

607 3156 671 3219 et
740 3151 967 3218 certior
1032 3152 1156 3239 sis,
1230 3171 1333 3219 me
1407 3152 1883 3220 benevolentiae
1952 3159 2098 3219 tuae
2146 3159 2208 3220 et
2254 3152 2663 3219 humanitatis

605 3267 937 3356 singularis
984 3277 1353 3359 perpetuam
1400 3277 1790 3337 servaturum
1836 3273 2221 3339 memoriam.

701 3385 992 3455 Alterum
1061 3389 1387 3477 exemplar
1454 3388 1748 3456 Monenio
1796 3389 2056 3479 tradidi,
2109 3392 2215 3480 qui
2262 3391 2377 3458 tibi
2421 3391 2670 3479 signifi-

608 3506 776 3576 cabit
843 3508 1064 3596 procul
1135 3507 1363 3595 dubio,
1440 3530 1512 3574 se
1584 3508 1741 3575 illud
1812 3530 1851 3577 a
1915 3531 2020 3577 me
2067 3512 2407 3600 accepisse.

607 3624 772 3692 Vale
819 3627 1007 3693 etiam
1055 3631 1240 3716 atque
1288 3628 1498 3694 etiam.
1548 3628 1823 3696 Davent.
1878 3631 1965 3696 29
2016 3628 2182 3718 Aug.
2241 3633 2440 3698 1707.
2494 3685 2500 3690 .

706 4365 750 4443 ¹)
834 4367 983 4448 Pag.
1036 4369 1175 4429 151.

703 4448 758 4530 ²)
842 4453 908 4532 Ι,
957 4456 1027 4532 7,
1070 4473 1156 4518 vs.
1204 4457 1304 4515 43.
