2975 5209
1347 466 1416 545 '9

362 685 430 743 et
467 650 756 743 carmina·
777 677 1145 743 suaLatina
1184 678 1244 762 Ι).
1327 677 1671 764 Postquam
1705 676 2021 742 biennium
2057 677 2329 742 Traiecti
2362 678 2421 741 in

364 799 678 885 praesidio
749 798 865 863 fuit
932 798 1312 883 collocatus,
1393 817 1555 861 anno
1612 797 1789 861 1684
1841 794 2423 862 Amstelaedamum

362 920 668 1003 migravit.
768 917 1070 982 Consules
1122 918 1285 981 enim
1333 917 1501 980 illius
1540 916 1710 980 urbis
1746 916 2277 982 commendatione
2306 917 2419 981 viri
2493 969 2500 976 .

362 1040 760 1112 illustrissimi
829 1039 970 1103 Van
1042 1036 1325 1123 Weede,
1402 1038 1506 1123 qui
1556 1038 1949 1122 praepositus
2004 1046 2137 1101 erat
2183 1038 2417 1122 legioni

365 1159 783 1243 Broukhusii,
861 1166 920 1223 et
991 1157 1239 1240 Ioannis
1312 1156 1655 1241 Huddeni,
1691 1152 1697 1175 ³
1728 1156 2127 1222 Broukhusio
2180 1158 2419 1243 affinis,

366 1279 634 1366 permoti
717 1284 970 1365 poetam
1060 1278 1489 1364 praefecerunt
1572 1278 1811 1342 cohorti
1881 1278 2150 1341 militum
2180 1273 2251 1363 2).
2351 1277 2421 1341 In

367 1400 522 1465 urbe
571 1399 772 1485 patria
820 1399 926 1465 otii
973 1398 1087 1463 fuit.
1118 1399 1210 1462 illi
1240 1405 1476 1462 tantum
1510 1404 1577 1462 ut
1612 1398 1861 1483 saepius
1895 1399 2114 1463 litteris
2151 1418 2413 1463 vacave-

368 1521 480 1606 rit,
554 1541 929 1608 quamquam
977 1519 1038 1583 in
1088 1540 1342 1585 munere
1393 1519 1655 1582 multum
1705 1518 2005 1603 temporis
2056 1518 2147 1581 illi
2198 1538 2416 1582 consu-

357 1640 660 1706 mendum
749 1646 882 1704 erat
953 1648 1014 1703 et
1085 1658 1555 1725 nonnumquam
1627 1638 1973 1723 periculum
2044 1638 2419 1703 adeundum.

366 1758 529 1823 Nam
580 1759 676 1823 bis
723 1759 786 1822 in
833 1746 1098 1843 tumultu
1147 1757 1420 1844 quodam
1468 1758 1739 1842 graviter
1787 1758 2145 1821 vulneratus
2192 1756 2308 1821 fuit
2344 1761 2431 1841 ³).·

368 1876 552 1944 Anno
649 1880 826 1942 1689
911 1877 1104 1942 edidit
1177 1877 1539 1941 Sannaz'arii
1614 1876 1907 1941 Carmina
1938 1879 2022 1962 4),
2100 1900 2153 1942 a.
2247 1880 2422 1942 1696

374 1998 733 2062 Palearium
763 1976 834 2083 ⁵).
937 1997 1107 2061 Pace
1179 1997 1344 2063 facta
1415 2020 1470 2061 a.
1558 2000 1727 2062 1697
1807 1997 2023 2061 civitas
2075 1994 2425 2061 Amstelae-

378 2118 692 2186 damensis
762 2118 990 2181 milites
1055 2138 1201 2181 suos
1271 2117 1493 2206 missos
1558 2116 1703 2181 fecit
1784 2124 1846 2181 et
1906 2116 2339 2181 Broukhusius
2388 2137 2426 2179 a

368 2231 650 2302 munere'
689 2236 936 2301 vacavit
1007 2237 1223 2300 annuis
1277 2236 1639 2301 constitutis.
1739 2234 2035 2321 Migravit
2081 2236 2141 2305 in
2174 2257 2423 2322 <pagum

365 2356 768 2423 Amstelveen
840 2358 1052 2443 ibique
1123 2358 1419 2423 recedens
1478 2378 1518 2421 a
1584 2357 2027 2422 consuetudine
2076 2358 2412 2424 multorum

372 2478 712 2542 amicorum
786 2484 971 2564 atque
1043 2478 1219 2562 gravi
1294 2478 1513 2542 morbo
1575 2478 1836 2542 afflictus
1886 2485 2083 2541 totum
2124 2500 2192 2543 se
2242 2478 2415 2543 dedit
2498 2484 2503 2491 '

372 2598 609 2663 litteris.
710 2597 828 2662 Illo
905 2610 1184 2683 tempore
1259 2596 1388 2661 fere
1455 2597 1659 2661 nullus
1730 2597 1887 2661 alius
1957 2596 2051 2660 illi
2116 2596 2231 2663 fuit
2278 2618 2425 2662 usus

375 2719 721 2783 litterarum
792 2724 1044 2782 mutuus
1120 2738 1304 2803 quam
1372 2737 1513 2781 cum
1560 2716 1751 2782 Petro
1803 2716 2182 2783 But-manno.
2282 2716 2425 2781 Non

475 2961 516 3039 ¹)
595 2966 759 3023 dani
819 2956 1204 3025 Broukhusii
1265 2964 1573 3023 Carmina.
1675 2966 1943 3041 Traje-cti
2008 2968 2089 3025 ad
2132 2967 2422 3042 Rhenum,

378 3051 570 3129 Apud
611 3050 1013 3111 Franciscum
1059 3051 1321 3127 Halma,
1369 3095 1382 3107 .
1437 3095 1448 3109 .
1500 3095 1511 3109 .
1564 3096 1576 3109 .
1632 3052 1811 3110 1684.

465 3139 510 3210 2)
597 3134 753 3195 Vide
822 3136 940 3194 Het
1007 3136 1238 3211 Leveu,
1303 3156 1442 3215 pag.
1517 3140 1627 3207 20,
1699 3143 1759 3196 et
1828 3137 2048 3196 Notam
2110 3137 2186 3198 ad
2231 3138 2419 3216 Epist.

377 3222 678 3281 XXXIII.
768 3224 837 3280 B.
900 3221 1266 3280 Huddenum
1323 3222 1564 3299 saepius
1623 3223 1887 3281 carmine
1948 3224 2277 3283 celebravit
2323 3219 2420 3301 (cf.

381 3309 616 3384 Poem.,
659 3327 798 3386 pag.
848 3310 920 3381 6,
972 3310 1118 3382 132,
1171 3310 1323 3383 134,
1371 3310 1538 3384 444).

471 3390 521 3469 ³)
612 3394 880 3472 Apparet
949 3412 981 3451 e
1023 3394 1232 3452 libello
1280 3413 1462 3452 manu
1508 3394 1729 3471 scripto
1775 3393 1836 3451 in
1882 3393 2145 3453 Archivo
2190 3394 2428 3453 Amste-

377 3480 783 3554 laedamensi‚
876 3497 1055 3555 quem
1119 3479 1416 3556 inspicere
1498 3480 1645 3557 mihi
1710 3479 1915 3553 licuit,
1983 3480 2430 3539 Broukhusium

377 3566 760 3629 vulneratum
807 3583 936 3623 esse
980 3564 1041 3623 in
1087 3566 1350 3624 tumultu
1397 3566 1501 3642 qui
1538 3571 1705 3624 ortus
1738 3570 1827 3623 est
1858 3583 2064 3624 mense
2094 3566 2426 3626 Februario

378 3671 432 3712 a.
489 3653 666 3710 1696.
714 3652 792 3711 Et
837 3669 1114 3727 carmen,
1161 3651 1321 3727 quod
1344 3652 1685 3729 legimusin
1713 3651 1946 3727 Poem,
1980 3671 2117 3729 pag.
2148 3654 2301 3709 272:
2352 3651 2428 3709 Iu

379 3738 644 3796 tumultu
727 3738 992 3813 quodam
1063 3738 1344 3813 yraviter
1418 3737 1779 3795 vulneratus
1870 3756 2037 3812 opem
2132 3735 2425 3815 Chiruryi

377 3823 726 3965 ίωξίονὲιῖἰέ
765 3822 1052 3965 εοτὲρῢιὲω
1099 3822 1557 3966 estLssIXXXI
1606 3821 1758 3899 Aug.
1799 3824 1977 3879 1692.

667 3909 686 3965 i
732 3925 764 3965 e
811 3926 848 3965 a
894 3951 906 3963 .
1047 3908 1140 3967 ist.
1334 3952 1346 3965 .
1753 3915 1755 3917 ’

471 3908 522 4067 5))
612 3993 703 4052 Os.
754 3993 871 4051 Het
916 3927 1148 4067 Lagea,
1193 4012 1333 4071 pag.
1384 3996 1482 4051 21.

467 4078 732 4138 Antonio
793 4077 956 4136 della
997 4078 1212 4155 Paglia
1257 4080 1551 4155 (Aeonius
1607 4078 1973 4153 Palearius),
2032 4079 2259 4152 ItaluS‚
2306 4099 2431 4137 car·

383 4162 659 4248 minibus*
688 4164 1181 4241 orationibusque
1212 4165 1443 4224 Latinis
1474 4166 1696 4225 famam
1725 4183 2007 4241 magnam
2038 4166 2132 4223 sui
2160 4166 2425 4242 reliquit.

381 4249 558 4309 Iussu
614 4268 810 4328 papae
869 4249 961 4307 Pii
1020 4250 1105 4324 V,
1157 4256 1226 4310 ut
1271 4250 1509 4310 videtur
1554 4270 1606 4308 a.
1661 4250 1855 4325 1570,
1901 4251 2131 4309 Romae
2175 4258 2427 4312 necatus

382 4340 504 4409 est,
551 4335 711 4413 quod
757 4335 1028 4393 libellum
1074 4336 1379 4413 scripserit
1407 4337 1779 4395 redolentem
1810 4335 2125 4397 heresiam.
2197 4339 2426 4396 Brouk-

381 4420 591 4479 husius
664 4438 851 4499 opera
930 4440 1136 4498 sparsa
1199 4422 1466 4480 Palearii
1522 4422 1770 4499 collegit
1816 4427 1877 4480 et
1922 4421 2109 4481 edidit
2198 4422 2430 4482 Amste-

385 4506 654 4567 laedami
677 4551 691 4583 ,
739 4508 928 4586 Apud
967 4508 1302 4566 Heuricum
1357 4508 1747 4569 Wetsteuium
1788 4506 2180 4569 MDOXOVI.
