<?xml version="1.0" encoding="UTF-8"?>
<!DOCTYPE html PUBLIC "-//W3C//DTD XHTML 1.0 Transitional//EN"
    "http://www.w3.org/TR/xhtml1/DTD/xhtml1-transitional.dtd">
<html xmlns="http://www.w3.org/1999/xhtml" xml:lang="en" lang="en">
 <head>
  <title>
</title>
<meta http-equiv="Content-Type" content="text/html;charset=utf-8" />
  <meta name='ocr-system' content='tesseract 3.04.00' />
  <meta name='ocr-capabilities' content='ocr_page ocr_carea ocr_par ocr_line ocrx_word'/>
</head>
<body>
  <div class='ocr_page' id='page_1' title='image "./epistolaeselect00worpgoog_0079.png"; bbox 0 0 2975 5209; ppageno 0'>
   <div class='ocr_carea' id='block_1_1' title="bbox 1285 504 1369 573">
    <p class='ocr_par' dir='ltr' id='par_1_1' title="bbox 1285 504 1369 573">
     <span class='ocr_line' id='line_1_1' title="bbox 1285 504 1369 573; baseline -0.024 0"><span class='ocrx_word' id='word_1_1' title='bbox 1285 504 1369 573; x_wconf 81' lang='lat'><strong>65</strong></span> 
     </span>
    </p>
   </div>
   <div class='ocr_carea' id='block_1_2' title="bbox 299 686 2491 1749">
    <p class='ocr_par' dir='ltr' id='par_1_2' title="bbox 299 686 2491 1749">
     <span class='ocr_line' id='line_1_2' title="bbox 299 686 2351 791; baseline -0 -22"><span class='ocrx_word' id='word_1_2' title='bbox 299 726 498 791; x_wconf 81' lang='lat' dir='ltr'>saepe</span> <span class='ocrx_word' id='word_1_3' title='bbox 548 705 668 769; x_wconf 88' lang='lat' dir='ltr'><strong>sint</strong></span> <span class='ocrx_word' id='word_1_4' title='bbox 715 704 1064 789; x_wconf 89' lang='lat' dir='ltr'><strong>descripta,</strong></span> <span class='ocrx_word' id='word_1_5' title='bbox 1117 710 1179 769; x_wconf 86' lang='lat' dir='ltr'><strong>et</strong></span> <span class='ocrx_word' id='word_1_6' title='bbox 1217 705 1276 767; x_wconf 91' lang='lat' dir='ltr'><strong>in</strong></span> <span class='ocrx_word' id='word_1_7' title='bbox 1325 703 1661 768; x_wconf 90' lang='lat' dir='ltr'><strong>multorum</strong></span> <span class='ocrx_word' id='word_1_8' title='bbox 1688 702 1974 767; x_wconf 89' lang='lat' dir='ltr'><strong>manibus</strong></span> <span class='ocrx_word' id='word_1_9' title='bbox 2001 686 2351 789; x_wconf 78' lang='lat' dir='ltr'><strong>versentur3</strong></span> 
     </span>
     <span class='ocr_line' id='line_1_3' title="bbox 305 824 2369 913; baseline -0.001 -24"><span class='ocrx_word' id='word_1_10' title='bbox 305 824 425 889; x_wconf 86' lang='lat' dir='ltr'><strong>sed</strong></span> <span class='ocrx_word' id='word_1_11' title='bbox 483 825 630 913; x_wconf 91' lang='lat' dir='ltr'><strong>quid</strong></span> <span class='ocrx_word' id='word_1_12' title='bbox 679 846 835 913; x_wconf 91' lang='lat' dir='ltr'><strong>opus</strong></span> <span class='ocrx_word' id='word_1_13' title='bbox 883 824 997 889; x_wconf 87' lang='lat' dir='ltr'><strong>fuit</strong></span> <span class='ocrx_word' id='word_1_14' title='bbox 1045 824 1387 910; x_wconf 88' lang='lat' dir='ltr'><strong>adjungere</strong></span> <span class='ocrx_word' id='word_1_15' title='bbox 1437 824 1597 888; x_wconf 90' lang='lat' dir='ltr'><strong>duos</strong></span> <span class='ocrx_word' id='word_1_16' title='bbox 1646 824 1798 888; x_wconf 89' lang='lat' dir='ltr'><strong>istos</strong></span> <span class='ocrx_word' id='word_1_17' title='bbox 1838 843 2125 909; x_wconf 86' lang='lat' dir='ltr'><strong>vappas,</strong></span> <span class='ocrx_word' id='word_1_18' title='bbox 2176 824 2369 887; x_wconf 89' lang='lat' dir='ltr'><strong>saecli</strong></span> 
     </span>
     <span class='ocr_line' id='line_1_4' title="bbox 311 943 2371 1031; baseline -0 -23"><span class='ocrx_word' id='word_1_19' title='bbox 311 943 690 1031; x_wconf 72' lang='lat' dir='ltr'><strong>opprobria,</strong></span> <span class='ocrx_word' id='word_1_20' title='bbox 763 946 1069 1031; x_wconf 88' lang='lat' dir='ltr'><strong>pessimos</strong></span> <span class='ocrx_word' id='word_1_21' title='bbox 1141 944 1416 1030; x_wconf 67' lang='lat' dir='ltr'><strong>poetas?</strong></span> <span class='ocrx_word' id='word_1_22' title='bbox 1510 943 1587 1008; x_wconf 84' lang='lat' dir='ltr'><strong>Id</strong></span> <span class='ocrx_word' id='word_1_23' title='bbox 1657 966 1733 1008; x_wconf 93' lang='lat' dir='ltr'><strong>ne</strong></span> <span class='ocrx_word' id='word_1_24' title='bbox 1781 944 2008 1007; x_wconf 87' lang='lat' dir='ltr'><strong>iterum</strong></span> <span class='ocrx_word' id='word_1_25' title='bbox 2058 943 2201 1027; x_wconf 88' lang='lat' dir='ltr'><strong>fiat,</strong></span> <span class='ocrx_word' id='word_1_26' title='bbox 2254 964 2371 1029; x_wconf 90' lang='lat' dir='ltr'><strong>per</strong></span> 
     </span>
     <span class='ocr_line' id='line_1_5' title="bbox 313 1062 2360 1149; baseline 0 -22"><span class='ocrx_word' id='word_1_27' title='bbox 313 1062 585 1127; x_wconf 81' lang='lat' dir='ltr'><strong>Genium</strong></span> <span class='ocrx_word' id='word_1_28' title='bbox 656 1068 869 1148; x_wconf 89' lang='lat' dir='ltr'><strong>tuum,</strong></span> <span class='ocrx_word' id='word_1_29' title='bbox 945 1064 1031 1125; x_wconf 88' lang='lat' dir='ltr'><strong>mi</strong></span> <span class='ocrx_word' id='word_1_30' title='bbox 1101 1068 1318 1149; x_wconf 85' lang='lat' dir='ltr'><strong>pater,</strong></span> <span class='ocrx_word' id='word_1_31' title='bbox 1394 1082 1632 1147; x_wconf 82' lang='lat' dir='ltr'><strong>perque</strong></span> <span class='ocrx_word' id='word_1_32' title='bbox 1702 1062 2035 1127; x_wconf 79' lang='lat' dir='ltr'><strong>amicitiam</strong></span> <span class='ocrx_word' id='word_1_33' title='bbox 2084 1068 2360 1127; x_wconf 88' lang='lat' dir='ltr'><strong>nostram</strong></span> 
     </span>
     <span class='ocr_line' id='line_1_6' title="bbox 309 1181 2359 1274; baseline 0.001 -28"><span class='ocrx_word' id='word_1_34' title='bbox 309 1182 610 1248; x_wconf 88' lang='lat' dir='ltr'><strong>obtestor.</strong></span> <span class='ocrx_word' id='word_1_35' title='bbox 707 1181 876 1247; x_wconf 87' lang='lat' dir='ltr'><strong>Misit</strong></span> <span class='ocrx_word' id='word_1_36' title='bbox 948 1182 1029 1246; x_wconf 88' lang='lat' dir='ltr'><strong>ad</strong></span> <span class='ocrx_word' id='word_1_37' title='bbox 1101 1204 1203 1247; x_wconf 89' lang='lat' dir='ltr'><strong>me</strong></span> <span class='ocrx_word' id='word_1_38' title='bbox 1283 1189 1491 1257; x_wconf 65' lang='lat' dir='ltr'><strong>noster</strong></span> <span class='ocrx_word' id='word_1_39' title='bbox 1561 1181 1887 1274; x_wconf 81' lang='lat' dir='ltr'><strong>Mensinga</strong></span> <span class='ocrx_word' id='word_1_40' title='bbox 1958 1182 2249 1269; x_wconf 82' lang='lat' dir='ltr'><strong>Elegiam</strong></span> <span class='ocrx_word' id='word_1_41' title='bbox 2296 1184 2359 1248; x_wconf 91' lang='lat' dir='ltr'><strong>in</strong></span> 
     </span>
     <span class='ocr_line' id='line_1_7' title="bbox 312 1294 2491 1389; baseline 0.001 -24"><span class='ocrx_word' id='word_1_42' title='bbox 312 1314 526 1388; x_wconf 85' lang='lat' dir='ltr'><strong>nuper·</strong></span> <span class='ocrx_word' id='word_1_43' title='bbox 584 1308 804 1366; x_wconf 85' lang='lat' dir='ltr'><strong>natum</strong></span> <span class='ocrx_word' id='word_1_44' title='bbox 864 1301 1224 1388; x_wconf 78' lang='lat' dir='ltr'><strong>Principem</strong></span> <span class='ocrx_word' id='word_1_45' title='bbox 1296 1301 1928 1389; x_wconf 87' lang='lat' dir='ltr'><strong>Brandeburgieum,</strong></span> <span class='ocrx_word' id='word_1_46' title='bbox 1981 1324 2131 1367; x_wconf 88' lang='lat' dir='ltr'><strong>sane</strong></span> <span class='ocrx_word' id='word_1_47' title='bbox 2181 1324 2367 1388; x_wconf 85' lang='lat' dir='ltr'><strong>quam</strong></span> <span class='ocrx_word' id='word_1_48' title='bbox 2482 1294 2491 1299; x_wconf 63' lang='grc'><strong>’</strong></span> 
     </span>
     <span class='ocr_line' id='line_1_8' title="bbox 317 1411 2366 1509; baseline 0 -22"><span class='ocrx_word' id='word_1_49' title='bbox 317 1422 566 1488; x_wconf 86' lang='lat' dir='ltr'><strong>bonam.</strong></span> <span class='ocrx_word' id='word_1_50' title='bbox 663 1422 826 1507; x_wconf 84' lang='lat' dir='ltr'><strong>Ejus</strong></span> <span class='ocrx_word' id='word_1_51' title='bbox 874 1411 1207 1487; x_wconf 84' lang='lat' dir='ltr'><strong>lectionem</strong></span> <span class='ocrx_word' id='word_1_52' title='bbox 1255 1422 1716 1487; x_wconf 79' lang='lat' dir='ltr'><strong>reservabimus</strong></span> <span class='ocrx_word' id='word_1_53' title='bbox 1765 1423 1967 1509; x_wconf 89' lang='lat' dir='ltr'><strong>primo</strong></span> <span class='ocrx_word' id='word_1_54' title='bbox 2006 1425 2366 1509; x_wconf 88' lang='lat' dir='ltr'><strong>congressui</strong></span> 
     </span>
     <span class='ocr_line' id='line_1_9' title="bbox 315 1519 2369 1631; baseline 0.001 -25"><span class='ocrx_word' id='word_1_55' title='bbox 315 1548 546 1609; x_wconf 87' lang='lat' dir='ltr'><strong>nostro.</strong></span> <span class='ocrx_word' id='word_1_56' title='bbox 647 1541 744 1606; x_wconf 88' lang='lat' dir='ltr'><strong>Tu</strong></span> <span class='ocrx_word' id='word_1_57' title='bbox 817 1543 970 1607; x_wconf 85' lang='lat' dir='ltr'><strong>vale·</strong></span> <span class='ocrx_word' id='word_1_58' title='bbox 1010 1540 1122 1606; x_wconf 87' lang='lat' dir='ltr'><strong>Vir</strong></span> <span class='ocrx_word' id='word_1_59' title='bbox 1174 1519 1573 1628; x_wconf 74' lang='lat' dir='ltr'><strong>Clarissime,</strong></span> <span class='ocrx_word' id='word_1_60' title='bbox 1637 1548 1699 1607; x_wconf 89' lang='lat' dir='ltr'><strong>et</strong></span> <span class='ocrx_word' id='word_1_61' title='bbox 1746 1564 1885 1628; x_wconf 89' lang='lat' dir='ltr'><strong>me,</strong></span> <span class='ocrx_word' id='word_1_62' title='bbox 1940 1544 2108 1631; x_wconf 90' lang='lat' dir='ltr'><strong>quod</strong></span> <span class='ocrx_word' id='word_1_63' title='bbox 2156 1543 2369 1609; x_wconf 86' lang='lat' dir='ltr'><strong>facere</strong></span> 
     </span>
     <span class='ocr_line' id='line_1_10' title="bbox 317 1659 2364 1749; baseline 0.001 -24"><span class='ocrx_word' id='word_1_64' title='bbox 317 1670 380 1726; x_wconf 89' lang='lat' dir='ltr'><strong>te</strong></span> <span class='ocrx_word' id='word_1_65' title='bbox 405 1660 671 1748; x_wconf 80' lang='lat' dir='ltr'><strong>gaudeO,</strong></span> <span class='ocrx_word' id='word_1_66' title='bbox 701 1682 916 1729; x_wconf 88' lang='lat' dir='ltr'><strong>amare</strong></span> <span class='ocrx_word' id='word_1_67' title='bbox 939 1682 1154 1749; x_wconf 87' lang='lat' dir='ltr'><strong>perge.</strong></span> <span class='ocrx_word' id='word_1_68' title='bbox 1193 1659 1675 1747; x_wconf 86' lang='lat' dir='ltr'><strong>Amstelodami,</strong></span> <span class='ocrx_word' id='word_1_69' title='bbox 1716 1661 2123 1729; x_wconf 83' lang='lat' dir='ltr'><strong>11Deoemb.</strong></span> <span class='ocrx_word' id='word_1_70' title='bbox 2167 1665 2364 1729; x_wconf 87' lang='grc'><strong>1688.</strong></span> 
     </span>
    </p>
   </div>
   <div class='ocr_carea' id='block_1_3' title="bbox 1427 1826 1558 1843">
    <p class='ocr_par' dir='ltr' id='par_1_3' title="bbox 1427 1826 1558 1843">
     <span class='ocr_line' id='line_1_11' title="bbox 1427 1826 1558 1843; baseline -0.008 0"><span class='ocrx_word' id='word_1_71' title='bbox 1427 1826 1558 1843; x_wconf 58' lang='lat' dir='ltr'><strong>vm</strong></span> 
     </span>
    </p>
   </div>
   <div class='ocr_carea' id='block_1_4' title="bbox 1225 1946 1472 2035">
    <p class='ocr_par' dir='ltr' id='par_1_4' title="bbox 1225 1946 1472 2035">
     <span class='ocr_line' id='line_1_12' title="bbox 1225 1946 1472 2035; baseline -0.008 -20"><span class='ocrx_word' id='word_1_72' title='bbox 1225 1948 1375 2015; x_wconf 81' lang='lat' dir='ltr'><strong>LVI</strong></span> <span class='ocrx_word' id='word_1_73' title='bbox 1411 1946 1472 2035; x_wconf 81' lang='lat'><strong>¹).</strong></span> 
     </span>
    </p>
   </div>
   <div class='ocr_carea' id='block_1_5' title="bbox 1144 2090 1549 2292">
    <p class='ocr_par' dir='ltr' id='par_1_5' title="bbox 1144 2090 1549 2292">
     <span class='ocr_line' id='line_1_13' title="bbox 1175 2090 1535 2173; baseline 0 -18"><span class='ocrx_word' id='word_1_74' title='bbox 1175 2090 1382 2173; x_wconf 77' lang='lat' dir='ltr'><strong>Berqio</strong></span> <span class='ocrx_word' id='word_1_75' title='bbox 1428 2105 1535 2155; x_wconf 82' lang='lat' dir='ltr'><strong>suo</strong></span> 
     </span>
     <span class='ocr_line' id='line_1_14' title="bbox 1144 2192 1549 2292; baseline 0 -35"><span class='ocrx_word' id='word_1_76' title='bbox 1144 2192 1549 2292; x_wconf 80' lang='lat' dir='ltr'><strong>Broukhusius.</strong></span> 
     </span>
    </p>
   </div>
   <div class='ocr_carea' id='block_1_6' title="bbox 1145 1828 1426 1845">
    <p class='ocr_par' dir='ltr' id='par_1_6' title="bbox 1145 1828 1426 1845">
     <span class='ocr_line' id='line_1_15' title="bbox 1145 1828 1426 1845; baseline 0 3364"><span class='ocrx_word' id='word_1_77' title='bbox 1145 1828 1426 1845; x_wconf 95' lang='lat' dir='ltr'><strong> </strong></span> 
     </span>
    </p>
   </div>
   <div class='ocr_carea' id='block_1_7' title="bbox 316 2329 2376 2660">
    <p class='ocr_par' dir='ltr' id='par_1_7' title="bbox 316 2329 2376 2660">
     <span class='ocr_line' id='line_1_16' title="bbox 416 2329 2372 2420; baseline 0.001 -25"><span class='ocrx_word' id='word_1_78' title='bbox 416 2329 610 2395; x_wconf 85' lang='lat' dir='ltr'><strong>Eram</strong></span> <span class='ocrx_word' id='word_1_79' title='bbox 657 2332 718 2395; x_wconf 92' lang='lat' dir='ltr'><strong>in</strong></span> <span class='ocrx_word' id='word_1_80' title='bbox 770 2352 846 2397; x_wconf 92' lang='lat' dir='ltr'><strong>eo</strong></span> <span class='ocrx_word' id='word_1_81' title='bbox 892 2337 962 2397; x_wconf 88' lang='lat' dir='ltr'><strong>ut</strong></span> <span class='ocrx_word' id='word_1_82' title='bbox 1009 2332 1202 2398; x_wconf 89' lang='lat' dir='ltr'><strong>literis</strong></span> <span class='ocrx_word' id='word_1_83' title='bbox 1240 2340 1300 2399; x_wconf 86' lang='lat' dir='ltr'><strong>te</strong></span> <span class='ocrx_word' id='word_1_84' title='bbox 1333 2333 1491 2398; x_wconf 84' lang='lat' dir='ltr'><strong>meis</strong></span> <span class='ocrx_word' id='word_1_85' title='bbox 1524 2332 1980 2420; x_wconf 83' lang='lat' dir='ltr'><strong>opprimerem,</strong></span> <span class='ocrx_word' id='word_1_86' title='bbox 2032 2332 2118 2396; x_wconf 90' lang='lat' dir='ltr'><strong>mi</strong></span> <span class='ocrx_word' id='word_1_87' title='bbox 2155 2331 2372 2418; x_wconf 81' lang='lat' dir='ltr'><strong>frater,</strong></span> 
     </span>
     <span class='ocr_line' id='line_1_17' title="bbox 320 2442 2376 2541; baseline 0 -26"><span class='ocrx_word' id='word_1_88' title='bbox 320 2451 710 2538; x_wconf 80' lang='lat' dir='ltr'><strong>quaesiturus</strong></span> <span class='ocrx_word' id='word_1_89' title='bbox 789 2473 934 2516; x_wconf 91' lang='lat' dir='ltr'><strong>num</strong></span> <span class='ocrx_word' id='word_1_90' title='bbox 1009 2453 1157 2517; x_wconf 89' lang='lat' dir='ltr'><strong>satis</strong></span> <span class='ocrx_word' id='word_1_91' title='bbox 1230 2461 1398 2520; x_wconf 86' lang='lat' dir='ltr'><strong>recte</strong></span> <span class='ocrx_word' id='word_1_92' title='bbox 1470 2442 1822 2541; x_wconf 82' lang='lat' dir='ltr'><strong>accepisses</strong></span> <span class='ocrx_word' id='word_1_93' title='bbox 1898 2452 2376 2517; x_wconf 88' lang='lat' dir='ltr'><strong>Amaltheorum</strong></span> 
     </span>
     <span class='ocr_line' id='line_1_18' title="bbox 316 2568 2371 2660; baseline 0 -25"><span class='ocrx_word' id='word_1_94' title='bbox 316 2575 614 2658; x_wconf 69' lang='lat' dir='ltr'><strong>poemata</strong></span> <span class='ocrx_word' id='word_1_95' title='bbox 643 2568 734 2655; x_wconf 85' lang='grc'><strong>2·),</strong></span> <span class='ocrx_word' id='word_1_96' title='bbox 787 2592 946 2658; x_wconf 87' lang='lat' dir='ltr'><strong>quae</strong></span> <span class='ocrx_word' id='word_1_97' title='bbox 997 2578 1136 2637; x_wconf 92' lang='lat' dir='ltr'><strong>ante</strong></span> <span class='ocrx_word' id='word_1_98' title='bbox 1187 2573 1343 2638; x_wconf 88' lang='lat' dir='ltr'><strong>duos</strong></span> <span class='ocrx_word' id='word_1_99' title='bbox 1379 2574 1602 2660; x_wconf 87' lang='lat' dir='ltr'><strong>opinor</strong></span> <span class='ocrx_word' id='word_1_100' title='bbox 1636 2594 1881 2638; x_wconf 85' lang='lat' dir='ltr'><strong>menses</strong></span> <span class='ocrx_word' id='word_1_101' title='bbox 1908 2573 2200 2638; x_wconf 81' lang='lat' dir='ltr'><strong>miseram</strong></span> <span class='ocrx_word' id='word_1_102' title='bbox 2229 2572 2371 2656; x_wconf 81' lang='lat' dir='ltr'><strong>tibi,</strong></span> 
     </span>
    </p>
   </div>
   <div class='ocr_carea' id='block_1_8' title="bbox 2945 7 2955 735">
    <p class='ocr_par' dir='ltr' id='par_1_8' title="bbox 2945 7 2955 735">
     <span class='ocr_line' id='line_1_19' title="bbox 2945 7 2955 735; baseline 0 0"><span class='ocrx_word' id='word_1_103' title='bbox 2945 7 2955 735; x_wconf 95' lang='lat' dir='ltr'><strong> </strong></span> 
     </span>
    </p>
   </div>
   <div class='ocr_carea' id='block_1_9' title="bbox 320 2690 2486 2757">
    <p class='ocr_par' dir='ltr' id='par_1_9' title="bbox 320 2690 2486 2757">
     <span class='ocr_line' id='line_1_20' title="bbox 320 2690 2486 2757; baseline 0 -2"><span class='ocrx_word' id='word_1_104' title='bbox 320 2712 464 2755; x_wconf 90' lang='lat' dir='ltr'><strong>cum</strong></span> <span class='ocrx_word' id='word_1_105' title='bbox 537 2712 683 2756; x_wconf 89' lang='lat' dir='ltr'><strong>eece</strong></span> <span class='ocrx_word' id='word_1_106' title='bbox 756 2690 1156 2757; x_wconf 84' lang='lat' dir='ltr'><strong>commodum</strong></span> <span class='ocrx_word' id='word_1_107' title='bbox 1224 2693 1377 2757; x_wconf 93' lang='lat' dir='ltr'><strong>mihi</strong></span> <span class='ocrx_word' id='word_1_108' title='bbox 1445 2692 1786 2757; x_wconf 87' lang='lat' dir='ltr'><strong>redduntur</strong></span> <span class='ocrx_word' id='word_1_109' title='bbox 1847 2700 2009 2757; x_wconf 90' lang='lat' dir='ltr'><strong>tuae.</strong></span> <span class='ocrx_word' id='word_1_110' title='bbox 2111 2692 2377 2757; x_wconf 79' lang='lat' dir='ltr'><strong>Gratum</strong></span> <span class='ocrx_word' id='word_1_111' title='bbox 2422 2752 2429 2757; x_wconf 80' lang='grc'><strong>,</strong></span> <span class='ocrx_word' id='word_1_112' title='bbox 2481 2730 2486 2735; x_wconf 97' lang='grc'>-</span> 
     </span>
    </p>
   </div>
   <div class='ocr_carea' id='block_1_10' title="bbox 236 2809 2457 3379">
    <p class='ocr_par' dir='ltr' id='par_1_10' title="bbox 236 2809 2457 3379">
     <span class='ocr_line' id='line_1_21' title="bbox 317 2809 2372 2899; baseline 0.001 -24"><span class='ocrx_word' id='word_1_113' title='bbox 317 2816 416 2875; x_wconf 86' lang='lat' dir='ltr'><strong>est</strong></span> <span class='ocrx_word' id='word_1_114' title='bbox 464 2816 526 2875; x_wconf 86' lang='lat' dir='ltr'><strong>et</strong></span> <span class='ocrx_word' id='word_1_115' title='bbox 565 2809 911 2896; x_wconf 89' lang='lat' dir='ltr'><strong>jucundum</strong></span> <span class='ocrx_word' id='word_1_116' title='bbox 961 2812 1130 2898; x_wconf 91' lang='lat' dir='ltr'><strong>quod</strong></span> <span class='ocrx_word' id='word_1_117' title='bbox 1179 2813 1534 2899; x_wconf 88' lang='lat' dir='ltr'><strong>acceperis,</strong></span> <span class='ocrx_word' id='word_1_118' title='bbox 1586 2834 1701 2878; x_wconf 88' lang='lat' dir='ltr'><strong>nec</strong></span> <span class='ocrx_word' id='word_1_119' title='bbox 1748 2812 1860 2877; x_wconf 89' lang='lat' dir='ltr'><strong>tibi</strong></span> <span class='ocrx_word' id='word_1_120' title='bbox 1908 2818 2055 2899; x_wconf 89' lang='lat' dir='ltr'><strong>puto</strong></span> <span class='ocrx_word' id='word_1_121' title='bbox 2092 2812 2372 2897; x_wconf 89' lang='lat' dir='ltr'><strong>injucun-</strong></span> 
     </span>
     <span class='ocr_line' id='line_1_22' title="bbox 319 2928 2377 3019; baseline 0 -24"><span class='ocrx_word' id='word_1_122' title='bbox 319 2930 470 2995; x_wconf 89' lang='lat' dir='ltr'><strong>dum</strong></span> <span class='ocrx_word' id='word_1_123' title='bbox 517 2928 717 3019; x_wconf 84' lang='lat' dir='ltr'><strong>neque</strong></span> <span class='ocrx_word' id='word_1_124' title='bbox 762 2932 1071 3017; x_wconf 85' lang='lat' dir='ltr'><strong>ingratum</strong></span> <span class='ocrx_word' id='word_1_125' title='bbox 1121 2933 1285 3019; x_wconf 90' lang='lat' dir='ltr'><strong>quod</strong></span> <span class='ocrx_word' id='word_1_126' title='bbox 1334 2954 1477 2997; x_wconf 90' lang='lat' dir='ltr'><strong>mea</strong></span> <span class='ocrx_word' id='word_1_127' title='bbox 1502 2953 1649 2997; x_wconf 89' lang='lat' dir='ltr'><strong>cura</strong></span> <span class='ocrx_word' id='word_1_128' title='bbox 1664 2932 2021 3011; x_wconf 85' lang='lat' dir='ltr'><strong>effecerim,</strong></span> <span class='ocrx_word' id='word_1_129' title='bbox 2065 2937 2133 2995; x_wconf 88' lang='lat' dir='ltr'><strong>ut</strong></span> <span class='ocrx_word' id='word_1_130' title='bbox 2160 2950 2377 2996; x_wconf 90' lang='lat' dir='ltr'><strong>omnes</strong></span> 
     </span>
     <span class='ocr_line' id='line_1_23' title="bbox 310 3049 2457 3139; baseline 0 -25"><span class='ocrx_word' id='word_1_131' title='bbox 310 3049 453 3135; x_wconf 85' lang='lat' dir='ltr'><strong>jam</strong></span> <span class='ocrx_word' id='word_1_132' title='bbox 522 3051 731 3137; x_wconf 91' lang='lat' dir='ltr'><strong>legere</strong></span> <span class='ocrx_word' id='word_1_133' title='bbox 803 3052 1043 3139; x_wconf 83' lang='lat' dir='ltr'><strong>possint</strong></span> <span class='ocrx_word' id='word_1_134' title='bbox 1102 3073 1260 3139; x_wconf 86' lang='lat' dir='ltr'><strong>quae</strong></span> <span class='ocrx_word' id='word_1_135' title='bbox 1311 3052 1391 3117; x_wconf 87' lang='lat' dir='ltr'><strong>ab</strong></span> <span class='ocrx_word' id='word_1_136' title='bbox 1446 3052 1735 3118; x_wconf 87' lang='lat' dir='ltr'><strong>omnibus</strong></span> <span class='ocrx_word' id='word_1_137' title='bbox 1783 3052 1910 3137; x_wconf 91' lang='lat' dir='ltr'><strong>legi</strong></span> <span class='ocrx_word' id='word_1_138' title='bbox 1960 3056 2273 3117; x_wconf 86' lang='lat' dir='ltr'><strong>merentur</strong></span> <span class='ocrx_word' id='word_1_139' title='bbox 2304 3052 2373 3135; x_wconf 78' lang='lat'><strong>³).</strong></span> <span class='ocrx_word' id='word_1_140' title='bbox 2440 3072 2457 3085; x_wconf 90' lang='lat'><strong>·</strong></span> 
     </span>
     <span class='ocr_line' id='line_1_24' title="bbox 319 3168 2372 3259; baseline 0 -25"><span class='ocrx_word' id='word_1_141' title='bbox 319 3168 635 3235; x_wconf 89' lang='lat' dir='ltr'><strong>Judicium</strong></span> <span class='ocrx_word' id='word_1_142' title='bbox 683 3176 856 3236; x_wconf 90' lang='lat' dir='ltr'><strong>tuum</strong></span> <span class='ocrx_word' id='word_1_143' title='bbox 904 3172 1143 3259; x_wconf 81' lang='lat' dir='ltr'><strong>prob03</strong></span> <span class='ocrx_word' id='word_1_144' title='bbox 1201 3172 1262 3235; x_wconf 92' lang='lat' dir='ltr'><strong>in</strong></span> <span class='ocrx_word' id='word_1_145' title='bbox 1313 3172 1605 3238; x_wconf 83' lang='lat' dir='ltr'><strong>Cornelio</strong></span> <span class='ocrx_word' id='word_1_146' title='bbox 1637 3192 1841 3259; x_wconf 88' lang='lat' dir='ltr'><strong>pauca</strong></span> <span class='ocrx_word' id='word_1_147' title='bbox 1866 3171 2206 3236; x_wconf 84' lang='lat' dir='ltr'><strong>adm‘odum</strong></span> <span class='ocrx_word' id='word_1_148' title='bbox 2232 3192 2372 3237; x_wconf 88' lang='lat' dir='ltr'><strong>esse</strong></span> 
     </span>
     <span class='ocr_line' id='line_1_25' title="bbox 236 3276 2373 3379; baseline 0.001 -25"><span class='ocrx_word' id='word_1_149' title='bbox 236 3276 248 3279; x_wconf 49' lang='grc'><strong><em>’</em></strong></span> <span class='ocrx_word' id='word_1_150' title='bbox 318 3310 480 3377; x_wconf 87' lang='lat' dir='ltr'><strong>quae</strong></span> <span class='ocrx_word' id='word_1_151' title='bbox 525 3277 782 3378; x_wconf 83' lang='lat' dir='ltr'><strong>propter</strong></span> <span class='ocrx_word' id='word_1_152' title='bbox 814 3312 851 3357; x_wconf 90' lang='lat' dir='ltr'><strong>a</strong></span> <span class='ocrx_word' id='word_1_153' title='bbox 876 3292 1116 3377; x_wconf 87' lang='lat' dir='ltr'><strong>vulgari</strong></span> <span class='ocrx_word' id='word_1_154' title='bbox 1139 3296 1468 3379; x_wconf 68' lang='lat' dir='ltr'><strong>poetarum</strong></span> <span class='ocrx_word' id='word_1_155' title='bbox 1503 3292 1694 3358; x_wconf 90' lang='lat' dir='ltr'><strong>choro</strong></span> <span class='ocrx_word' id='word_1_156' title='bbox 1723 3297 2092 3373; x_wconf 77' lang='lat' dir='ltr'><strong>secernatur.</strong></span> <span class='ocrx_word' id='word_1_157' title='bbox 2146 3289 2334 3357; x_wconf 88' lang='lat' dir='ltr'><strong>Addo</strong></span> <span class='ocrx_word' id='word_1_158' title='bbox 2355 3341 2373 3374; x_wconf 90' lang='lat'><em>‚</em></span> 
     </span>
    </p>
   </div>
   <div class='ocr_carea' id='block_1_11' title="bbox 319 3396 2480 3500">
    <p class='ocr_par' dir='ltr' id='par_1_11' title="bbox 319 3396 2480 3500">
     <span class='ocr_line' id='line_1_26' title="bbox 319 3396 2480 3500; baseline 0.001 -26"><span class='ocrx_word' id='word_1_159' title='bbox 319 3408 545 3475; x_wconf 89' lang='lat' dir='ltr'><strong>durum</strong></span> <span class='ocrx_word' id='word_1_160' title='bbox 591 3431 1034 3497; x_wconf 56' lang='lat' dir='ltr'><strong>nonnunquam⁴</strong></span> <span class='ocrx_word' id='word_1_161' title='bbox 1073 3411 1304 3497; x_wconf 87' lang='lat' dir='ltr'><strong>videri,</strong></span> <span class='ocrx_word' id='word_1_162' title='bbox 1358 3417 1541 3500; x_wconf 85' lang='lat' dir='ltr'><strong>atque</strong></span> <span class='ocrx_word' id='word_1_163' title='bbox 1591 3396 1966 3500; x_wconf 45' lang='lat' dir='ltr'><strong>insuavem(</strong></span> <span class='ocrx_word' id='word_1_164' title='bbox 2010 3410 2138 3477; x_wconf 86' lang='lat' dir='ltr'><strong>Sed</strong></span> <span class='ocrx_word' id='word_1_165' title='bbox 2185 3411 2376 3476; x_wconf 89' lang='lat' dir='ltr'><strong>frater</strong></span> <span class='ocrx_word' id='word_1_166' title='bbox 2470 3485 2480 3493; x_wconf 53' lang='lat'><strong>.</strong></span> 
     </span>
    </p>
   </div>
   <div class='ocr_carea' id='block_1_12' title="bbox 257 3530 2374 3858">
    <p class='ocr_par' dir='ltr' id='par_1_12' title="bbox 257 3530 2374 3858">
     <span class='ocr_line' id='line_1_27' title="bbox 320 3530 2374 3619; baseline 0 -24"><span class='ocrx_word' id='word_1_167' title='bbox 320 3536 491 3616; x_wconf 85' lang='lat' dir='ltr'><strong>erat,</strong></span> <span class='ocrx_word' id='word_1_168' title='bbox 567 3537 630 3597; x_wconf 89' lang='lat' dir='ltr'><strong>et</strong></span> <span class='ocrx_word' id='word_1_169' title='bbox 694 3530 874 3596; x_wconf 89' lang='lat' dir='ltr'><strong>nobis</strong></span> <span class='ocrx_word' id='word_1_170' title='bbox 935 3530 1204 3618; x_wconf 88' lang='lat' dir='ltr'><strong>primam</strong></span> <span class='ocrx_word' id='word_1_171' title='bbox 1269 3532 1440 3595; x_wconf 89' lang='lat' dir='ltr'><strong>illam</strong></span> <span class='ocrx_word' id='word_1_172' title='bbox 1502 3540 1693 3619; x_wconf 87' lang='lat' dir='ltr'><strong>atque</strong></span> <span class='ocrx_word' id='word_1_173' title='bbox 1738 3532 1988 3597; x_wconf 85' lang='lat' dir='ltr'><strong>unicam</strong></span> <span class='ocrx_word' id='word_1_174' title='bbox 2040 3530 2374 3597; x_wconf 86' lang='lat' dir='ltr'><strong>editionem</strong></span> 
     </span>
     <span class='ocr_line' id='line_1_28' title="bbox 257 3630 2370 3738; baseline -0.001 -23"><span class='ocrx_word' id='word_1_175' title='bbox 257 3692 260 3695; x_wconf 87' lang='lat'><em>-</em></span> <span class='ocrx_word' id='word_1_176' title='bbox 316 3649 628 3715; x_wconf 85' lang='lat' dir='ltr'><strong>Venetam</strong></span> <span class='ocrx_word' id='word_1_177' title='bbox 663 3652 1012 3738; x_wconf 85' lang='lat' dir='ltr'><strong>exprimere</strong></span> <span class='ocrx_word' id='word_1_178' title='bbox 1046 3652 1217 3716; x_wconf 89' lang='lat' dir='ltr'><strong>cordi</strong></span> <span class='ocrx_word' id='word_1_179' title='bbox 1249 3651 1380 3717; x_wconf 85' lang='lat' dir='ltr'><strong>fuit.</strong></span> <span class='ocrx_word' id='word_1_180' title='bbox 1452 3630 1552 3717; x_wconf 83' lang='lat' dir='ltr'><strong>De</strong></span> <span class='ocrx_word' id='word_1_181' title='bbox 1586 3651 1629 3717; x_wconf 86' lang='lat' dir='ltr'><strong>J</strong></span> <span class='ocrx_word' id='word_1_182' title='bbox 1632 3673 1829 3717; x_wconf 87' lang='lat' dir='ltr'><strong>oanne</strong></span> <span class='ocrx_word' id='word_1_183' title='bbox 1861 3652 2150 3738; x_wconf 83' lang='lat' dir='ltr'><strong>Baptista</strong></span> <span class='ocrx_word' id='word_1_184' title='bbox 2182 3651 2370 3715; x_wconf 86' lang='lat' dir='ltr'><strong>velim</strong></span> 
     </span>
     <span class='ocr_line' id='line_1_29' title="bbox 319 3769 2373 3858; baseline 0.001 -26"><span class='ocrx_word' id='word_1_185' title='bbox 319 3769 588 3833; x_wconf 87' lang='lat' dir='ltr'><strong>curatius</strong></span> <span class='ocrx_word' id='word_1_186' title='bbox 665 3770 938 3855; x_wconf 87' lang='lat' dir='ltr'><strong>cogites,</strong></span> <span class='ocrx_word' id='word_1_187' title='bbox 1015 3771 1192 3855; x_wconf 87' lang='lat' dir='ltr'><strong>eujus</strong></span> <span class='ocrx_word' id='word_1_188' title='bbox 1259 3778 1320 3835; x_wconf 88' lang='lat' dir='ltr'><strong>et</strong></span> <span class='ocrx_word' id='word_1_189' title='bbox 1367 3770 1598 3857; x_wconf 74' lang='lat' dir='ltr'><strong>stylum</strong></span> <span class='ocrx_word' id='word_1_190' title='bbox 1649 3779 1712 3837; x_wconf 89' lang='lat' dir='ltr'><strong>et</strong></span> <span class='ocrx_word' id='word_1_191' title='bbox 1757 3772 2077 3858; x_wconf 88' lang='lat' dir='ltr'><strong>ingenium</strong></span> <span class='ocrx_word' id='word_1_192' title='bbox 2144 3790 2373 3855; x_wconf 88' lang='lat' dir='ltr'><strong>magno</strong></span> 
     </span>
    </p>
   </div>
   <div class='ocr_carea' id='block_1_13' title="bbox 315 3892 498 3902">
    <p class='ocr_par' dir='ltr' id='par_1_13' title="bbox 315 3892 498 3902">
     <span class='ocr_line' id='line_1_30' title="bbox 315 3892 498 3902; baseline 0 1307"><span class='ocrx_word' id='word_1_193' title='bbox 315 3892 498 3902; x_wconf 95' lang='lat' dir='ltr'><strong> </strong></span> 
     </span>
    </p>
   </div>
   <div class='ocr_carea' id='block_1_14' title="bbox 510 3894 737 3901">
    <p class='ocr_par' dir='ltr' id='par_1_14' title="bbox 510 3894 737 3901">
     <span class='ocr_line' id='line_1_31' title="bbox 510 3894 737 3901; baseline 0 1308"><span class='ocrx_word' id='word_1_194' title='bbox 510 3894 737 3901; x_wconf 95' lang='lat' dir='ltr'><strong> </strong></span> 
     </span>
    </p>
   </div>
   <div class='ocr_carea' id='block_1_15' title="bbox 315 3928 2371 4350">
    <p class='ocr_par' dir='ltr' id='par_1_15' title="bbox 419 3928 1497 4009">
     <span class='ocr_line' id='line_1_32' title="bbox 419 3928 1497 4009; baseline 0.003 -20"><span class='ocrx_word' id='word_1_195' title='bbox 419 3928 460 4004; x_wconf 86' lang='lat'><strong>¹)</strong></span> <span class='ocrx_word' id='word_1_196' title='bbox 545 3932 618 3989; x_wconf 91' lang='lat' dir='ltr'><strong>In</strong></span> <span class='ocrx_word' id='word_1_197' title='bbox 663 3932 1041 3991; x_wconf 86' lang='lat' dir='ltr'><strong>Bibliotheca</strong></span> <span class='ocrx_word' id='word_1_198' title='bbox 1085 3932 1497 4009; x_wconf 86' lang='lat' dir='ltr'><strong>Lugdunensi.</strong></span> 
     </span>
    </p>

    <p class='ocr_par' dir='ltr' id='par_1_16' title="bbox 315 4016 2371 4266">
     <span class='ocr_line' id='line_1_33' title="bbox 407 4016 2371 4095; baseline 0 -21"><span class='ocrx_word' id='word_1_199' title='bbox 407 4017 452 4089; x_wconf 76' lang='grc'><strong>2)</strong></span> <span class='ocrx_word' id='word_1_200' title='bbox 560 4016 774 4075; x_wconf 77' lang='lat' dir='ltr'><strong>Trium</strong></span> <span class='ocrx_word' id='word_1_201' title='bbox 805 4018 1106 4076; x_wconf 72' lang='lat' dir='ltr'><strong>Fratrum</strong></span> <span class='ocrx_word' id='word_1_202' title='bbox 1137 4018 1627 4093; x_wconf 79' lang='lat' dir='ltr'><strong>Amaltheorum,</strong></span> <span class='ocrx_word' id='word_1_203' title='bbox 1662 4019 2061 4095; x_wconf 72' lang='lat' dir='ltr'><strong>Hieronymi,</strong></span> <span class='ocrx_word' id='word_1_204' title='bbox 2097 4017 2371 4077; x_wconf 74' lang='lat' dir='ltr'><strong>Joannis</strong></span> 
     </span>
     <span class='ocr_line' id='line_1_34' title="bbox 315 4100 2363 4179; baseline 0 -21"><span class='ocrx_word' id='word_1_205' title='bbox 315 4104 672 4177; x_wconf 76' lang='lat' dir='ltr'><strong>Baptistae,</strong></span> <span class='ocrx_word' id='word_1_206' title='bbox 743 4100 1040 4179; x_wconf 79' lang='lat' dir='ltr'><strong>Cornelii,</strong></span> <span class='ocrx_word' id='word_1_207' title='bbox 1112 4100 1422 4163; x_wconf 76' lang='lat' dir='ltr'><strong>Carmina.</strong></span> <span class='ocrx_word' id='word_1_208' title='bbox 1517 4105 1730 4163; x_wconf 73' lang='lat' dir='ltr'><strong>Editio</strong></span> <span class='ocrx_word' id='word_1_209' title='bbox 1802 4103 2118 4179; x_wconf 77' lang='lat' dir='ltr'><strong>Sec-unda,</strong></span> <span class='ocrx_word' id='word_1_210' title='bbox 2155 4105 2363 4179; x_wconf 76' lang='lat' dir='ltr'><strong>pluri-</strong></span> 
     </span>
     <span class='ocr_line' id='line_1_35' title="bbox 315 4188 2364 4266; baseline 0.001 -23"><span class='ocrx_word' id='word_1_211' title='bbox 315 4188 436 4246; x_wconf 81' lang='lat' dir='ltr'><strong>mis</strong></span> <span class='ocrx_word' id='word_1_212' title='bbox 459 4188 524 4245; x_wconf 83' lang='lat' dir='ltr'><strong>in</strong></span> <span class='ocrx_word' id='word_1_213' title='bbox 549 4189 698 4247; x_wconf 83' lang='lat' dir='ltr'><strong>locis</strong></span> <span class='ocrx_word' id='word_1_214' title='bbox 723 4188 1045 4263; x_wconf 70' lang='lat' dir='ltr'><strong>castiyata.</strong></span> <span class='ocrx_word' id='word_1_215' title='bbox 1075 4188 1406 4249; x_wconf 79' lang='lat' dir='ltr'><strong>Amstelocl.</strong></span> <span class='ocrx_word' id='word_1_216' title='bbox 1428 4193 1598 4266; x_wconf 76' lang='lat' dir='ltr'><strong>apud</strong></span> <span class='ocrx_word' id='word_1_217' title='bbox 1631 4188 2025 4248; x_wconf 77' lang='lat' dir='ltr'><strong>Wetstenium</strong></span> <span class='ocrx_word' id='word_1_218' title='bbox 2050 4234 2063 4247; x_wconf 92' lang='lat'><strong>.</strong></span> <span class='ocrx_word' id='word_1_219' title='bbox 2092 4234 2105 4247; x_wconf 93' lang='lat'><strong>.</strong></span> <span class='ocrx_word' id='word_1_220' title='bbox 2136 4232 2148 4245; x_wconf 92' lang='lat'><strong>.</strong></span> <span class='ocrx_word' id='word_1_221' title='bbox 2182 4190 2364 4246; x_wconf 82' lang='lat'><strong>1689.</strong></span> 
     </span>
    </p>

    <p class='ocr_par' dir='ltr' id='par_1_17' title="bbox 409 4267 2368 4350">
     <span class='ocr_line' id='line_1_36' title="bbox 409 4267 2368 4350; baseline 0 -19"><span class='ocrx_word' id='word_1_222' title='bbox 409 4267 459 4346; x_wconf 73' lang='grc'><strong>3)</strong></span> <span class='ocrx_word' id='word_1_223' title='bbox 561 4272 762 4350; x_wconf 87' lang='lat' dir='ltr'><strong>Vulgo</strong></span> <span class='ocrx_word' id='word_1_224' title='bbox 857 4272 1150 4333; x_wconf 80' lang='lat' dir='ltr'><strong>Graevius</strong></span> <span class='ocrx_word' id='word_1_225' title='bbox 1235 4276 1502 4335; x_wconf 84' lang='lat' dir='ltr'><strong>creditur</strong></span> <span class='ocrx_word' id='word_1_226' title='bbox 1574 4274 2033 4333; x_wconf 88' lang='lat' dir='ltr'><strong>Amaltheorum</strong></span> <span class='ocrx_word' id='word_1_227' title='bbox 2100 4273 2368 4332; x_wconf 87' lang='lat' dir='ltr'><strong>earmina</strong></span> 
     </span>
    </p>
   </div>
   <div class='ocr_carea' id='block_1_16' title="bbox 312 4357 2483 4438">
    <p class='ocr_par' dir='ltr' id='par_1_18' title="bbox 312 4357 2483 4438">
     <span class='ocr_line' id='line_1_37' title="bbox 312 4357 2483 4438; baseline -0 -23"><span class='ocrx_word' id='word_1_228' title='bbox 312 4358 759 4435; x_wconf 83' lang='lat' dir='ltr'><strong>recognovisse.</strong></span> <span class='ocrx_word' id='word_1_229' title='bbox 848 4360 1118 4436; x_wconf 84' lang='lat' dir='ltr'><strong>Apparet</strong></span> <span class='ocrx_word' id='word_1_230' title='bbox 1161 4364 1363 4419; x_wconf 88' lang='lat' dir='ltr'><strong>tamen</strong></span> <span class='ocrx_word' id='word_1_231' title='bbox 1411 4380 1491 4420; x_wconf 81' lang='lat' dir='ltr'><strong>ex</strong></span> <span class='ocrx_word' id='word_1_232' title='bbox 1540 4362 1656 4419; x_wconf 88' lang='lat' dir='ltr'><strong>hac</strong></span> <span class='ocrx_word' id='word_1_233' title='bbox 1709 4361 1969 4438; x_wconf 88' lang='lat' dir='ltr'><strong>epistola</strong></span> <span class='ocrx_word' id='word_1_234' title='bbox 1999 4360 2211 4418; x_wconf 87' lang='lat' dir='ltr'><strong>Virum</strong></span> <span class='ocrx_word' id='word_1_235' title='bbox 2245 4357 2372 4433; x_wconf 72' lang='lat' dir='ltr'><strong>GL,</strong></span> <span class='ocrx_word' id='word_1_236' title='bbox 2478 4366 2483 4371; x_wconf 86' lang='lat'>&#39;</span> 
     </span>
    </p>
   </div>
   <div class='ocr_carea' id='block_1_17' title="bbox 313 4442 2373 4598">
    <p class='ocr_par' dir='ltr' id='par_1_19' title="bbox 313 4442 2373 4598">
     <span class='ocr_line' id='line_1_38' title="bbox 315 4442 2373 4525; baseline 0 -23"><span class='ocrx_word' id='word_1_237' title='bbox 315 4443 427 4521; x_wconf 88' lang='lat' dir='ltr'><strong>qui</strong></span> <span class='ocrx_word' id='word_1_238' title='bbox 480 4444 918 4525; x_wconf 86' lang='lat' dir='ltr'><strong>praefationem</strong></span> <span class='ocrx_word' id='word_1_239' title='bbox 977 4444 1214 4522; x_wconf 85' lang='lat' dir='ltr'><strong>scripsit</strong></span> <span class='ocrx_word' id='word_1_240' title='bbox 1265 4447 1327 4505; x_wconf 91' lang='lat' dir='ltr'><strong>in</strong></span> <span class='ocrx_word' id='word_1_241' title='bbox 1371 4447 1540 4505; x_wconf 88' lang='lat' dir='ltr'><strong>illum</strong></span> <span class='ocrx_word' id='word_1_242' title='bbox 1586 4446 1839 4523; x_wconf 89' lang='lat' dir='ltr'><strong>librum,</strong></span> <span class='ocrx_word' id='word_1_243' title='bbox 1890 4446 2004 4505; x_wconf 89' lang='lat' dir='ltr'><strong>sibi</strong></span> <span class='ocrx_word' id='word_1_244' title='bbox 2049 4442 2373 4504; x_wconf 88' lang='lat' dir='ltr'><strong>Broukhu-</strong></span> 
     </span>
     <span class='ocr_line' id='line_1_39' title="bbox 313 4529 1157 4598; baseline 0 -8"><span class='ocrx_word' id='word_1_245' title='bbox 313 4530 477 4590; x_wconf 87' lang='lat' dir='ltr'><strong>sium</strong></span> <span class='ocrx_word' id='word_1_246' title='bbox 519 4530 746 4598; x_wconf 82' lang='lat' dir='ltr'><strong>socium</strong></span> <span class='ocrx_word' id='word_1_247' title='bbox 791 4529 1157 4590; x_wconf 81' lang='lat' dir='ltr'><strong>adiunxisse.</strong></span> 
     </span>
    </p>
   </div>
  </div>
 </body>
</html>
