2975 5209
1305 473 1430 536 161

341 669 404 729 et
468 665 773 750 nummis,
844 671 1030 753 atque
1097 663 1257 731 ade'o
1305 685 1552 731 mecum
1602 667 1826 732 eadem
1876 670 2105 734 sentias
2155 652 2259 736 de·
2285 671 2392 736 Si-

340 782 604 848 renibus
646 784 709 868 ¹).
807 782 931 870 Egi
1003 784 1167 849 enim
1241 783 1320 850 de
1390 805 1465 871 ys
1529 786 1821 851 monstris
1870 787 2018 852 olim
2054 789 2209 853 cum
2258 789 2389 855 viro

340 923 460 967 non
530 902 836 968 inerudito
908 902 1190 990 pluribus
1257 903 1480 989 literis,
1554 905 1861 991 statuique
1929 912 2135 972 tecum
2184 925 2395 974 veram

341 1043 552 1088 earum
623 1021 890 1088 formam
962 1023 1128 1088 cerni
1197 1023 1259 1088 in
1330 1019 1583 1088 nummo
1643 1023 1975 1110 Plaetorii,
2029 1034 2091 1091 et
2137 1027 2396 1094 humani

321 1142 576 1230 -aliquid
668 1143 799 1230 pati
888 1162 1102 1207 omnes
1177 1162 1322 1228 eos,
1393 1143 1501 1229 qui
1571 1140 1823 1208 Sirenas
1898 1145 1999 1209 vel
2063 1144 2123 1208 in'
2189 1146 2395 1233 pisces

341 1260 658 1346 desinere,
734 1261 836 1326 vel
905 1267 1035 1326 toto
1109 1281 1405 1347 corpore,
1477 1268 1742 1348 excepto
1793 1264 2006 1349 vultu,
2058 1285 2207 1329 aves
2256 1248 2395 1332 esse

339 1380 742 1467 contendunt,
815 1401 1010 1468 eaque
1059 1382 1386 1446 occasione
1436 1380 1744 1447 variorum
1794 1382 2119 1450 doctorum
2168 1386 2389 1473 lapsus

339 1500 579 1586 notavi3
645 1520 997 1587 quanquam
1047 1500 1210 1566 enim
1258 1501 1467 1564 omnia
1491 1551 1507 1584 ‚
1561 1509 1721 1588 quae'
1772 1502 1851 1567 de
1899 1493 2223 1569 Sirenibus
2252 1487 2393 1571 ‘tra-

341 1618 596 1706 duntur,
673 1620 911 1708 optima
976 1619 1097 1686 fide
1161 1621 1306 1685 ficta
1372 1627 1544 1704 sunt,
1620 1627 1827 1686 tamen
1876 1629 2028 1708 puto
2058 1637 2391 1690 'marmora

339 1740 712 1828 explicanda
779 1761 951 1826 esse,
1042 1747 1112 1804 ut
1179 1739 1543 1804 conveniant
1615 1740 1933 1805 autoribus
1956 1790 1975 1823 ,
2046 1742 2151 1830 qui
2231 1744 2394 1810 notis

333 1860 563 1946 figuras
637 1858 1123 1946 descripserunt,
1199 1858 1367 1946 quod
1441 1859 1495 1922 si
1568 1859 1671 1944 qui
1743 1861 1919 1946 sequi
1967 1862 2162 1947 nolit,
2215 1867 2381 1929 nov‘a

335 1979 548 2065 utique
620 1985 896 2043 monstra
968 1977 1168 2064 pariet
1237 1975 1735 2064 Anaglyphum,
1790 1979 1967 2064 cujus
2015 1965 2393 2048 mentionem

337 2096 484 2162 facit
528 2097 716 2163 Bern.
747 2096 826 2162 de
862 2096 1368 2182 Montfaucon2),
1424 2096 1699 2162 eruditus
1733 2098 1916 2164 valde
1949 2085 2395 2169 Benedictinae

337 2216 645 2282 Familiae
712 2215 1088 2303 Monachus3
1153 2216 1387 2282 editum
1462 2216 1649 2283 credo
1720 2238 1856 2283 esse
1907 2239 1942 2284 e
1988 2219 2238 2285 schedis
2286 2219 2393 2284 Pi·
2450 2207 2457 2215 ⁸

335 2337 580 2424 ghianis
649 2358 687 2402 a
758 2336 1098 2402 Laurentio
1147 2336 1290 2423 Beg
1306 2358 1414 2402 ero
1451 2337 1501 2422 3)
1559 2337 1619 2401 in
1670 2336 2154 2424 Dissertatione,
2208 2359 2394 2427 quam

304 2456 674 2542 ,publicavit
721 2477 881 2522 anno
937 2458 1150 2542 1703,
1205 2454 1305 2520 De
1363 2457 1593 2542 Vlysse
1632 2457 1896 2522 Sirenes
1911 2464 2345 2542 praetervecto
2366 2481 2392 2542 ,·

337 2584 400 2672 et
436 2576 580 2670 inde
629 2583 920 2662 apparet,
976 2597 1190 2641 earum
1240 2575 1481 2641 forman
1530 2578 1719 2642 talem
1771 2598 1945 2664 esse,
1999 2579 2247 2666 qualem
2269 2600 2393 2645 nos

337 2695 526 2760 ambo
592 2694 952 2780 judicamus
1027 2695 1346 2760 Sirenibus
1418 2695 1647 2782 fuisse,
1704 2703 1767 2761 et
1814 2697 1982 2784 quali
2029 2698 2091 2763 in
2138 2717 2392 2765 nummo

339 2813 556 2879 Gentis
636 2814 966 2879 Petroniae
1031 2815 1178 2878 illae
1244 2814 1611 2900 pinguntur,
1681 2835 1925 2903 unaque
1976 2837 2189 2882 earnm
2239 2811 2393 2884 duas

336 2929 522 2998 ¹fibinis
585 2934 757 2998 inflat
780 2983 795 3012 ,
869 2933 1065 2999 altera
1112 2953 1266 3000 voce
1293 2983 1317 3019 ,0
1375 2935 1557 2998 tertia
1605 2935 1840 3000 cithara
1890 2937 2071 3000 canit.
2108 2945 2119 2957 ‘
2167 2935 2253 3002 Et
2302 2939 2397 3004 vir

336 3055 589 3140 egregie
640 3054 856 3119 doctus
904 3054 994 3119 ibi
1043 3060 1104 3118 et
1152 3053 1323 3118 aliud
1374 3073 1647 3118 marmor
1696 3074 1777 3117 ex
1826 3052 2129 3120 Fabretto
2166 3056 2237 3141 4),
2292 3056 2396 3144 qui

335 3173 490 3238 illud
559 3173 754 3239 edidit
817 3173 879 3236 in
945 3173 1106 3238 libro
1175 3171 1255 3237 de
1305 3170 1615 3236 Columna
1662 3171 1954 3258 Trajani,
2006 3173 2068 3236 in
2116 3174 2393 3240 medium

339 3291 550 3377 affert,
626 3293 688 3356 in
761 3313 881 3380 quo
949 3291 1199 3358 Sirenes
1271 3312 1393 3356 non
1460 3291 1640 3357 aliter
1688 3298 2222 3379 representantur,
2277 3294 2393 3359 nisi

339 3411 508 3497 quod
577 3411 828 3499 insuper
902 3412 1201 3497 vestitae,
1276 3417 1337 3475 et
1407 3410 1764 3477 inferiorem
1825 3412 2102 3498 corporis
2151 3419 2394 3498 partem

343 3531 618 3596 maxime
666 3537 870 3596 tectae
918 3531 1056 3596 sint.

437 3698 480 3774 ¹)
565 3699 714 3779 Pag.
765 3703 880 3759 361
912 3744 927 3773 ,
975 3720 1102 3778 sqq.

427 3785 494 3860 ²)'
559 3786 832 3845 Bernard
907 3786 983 3846 de
1047 3785 1439 3846 Montfaucon
1524 3785 2033 3862 (1655—1741),
2103 3803 2137 3844 e
2204 3790 2393 3863 gente

341 3871 531 3929 nobili
576 3871 841 3946 Gallica,
889 3879 952 3932 ct
994 3872 1169 3930 miles
1213 3877 1274 3929 et
1318 3871 1649 3929 monachus
1672 3870 1805 3929 fuit.
1854 3871 1963 3928 Vir
1992 3871 2394 3948 peritissimus

336 3956 616 4099 lingguaeL
630 3957 900 4055 Graecae
945 3963 1129 4101 athue
1172 3957 1438 4099 Latligaq>t
1477 3957 1697 4099 mu'lztgg
1742 3956 1979 4099 scgpsit
2024 3956 2232 4016 libroS.

1375 4059 1394 4091 Ἰ
1449 4075 1523 4084 -·
1891 4060 1981 4098 rm
2371 4074 2394 4087 .

337 4044 480 4185 fuit)
497 4049 930 4187 Bibssgffissgffg
959 4045 1312 4201 Pafagtsszag,
1357 4145 1516 4203 quae
1563 4043 2168 4204 Heigglbossgagssssf
2195 4061 2394 4188 &luffa

340 4211 531 4272 edidit
574 4231 761 4291 opera
801 4213 878 4271 de
920 4232 986 4271 re
1031 4211 1389 4271 nummaria.

430 4294 481 4370 4)
546 4298 824 4376 Raphael
867 4299 1139 4358 Fabretti
1184 4298 1680 4373 (1618-1700),
1726 4297 1949 4372 Italus,
1995 4297 2395 4375 peritissimus

340 4382 456 4442 fuit
500 4375 900 4460 antiquitatis.
976 4384 1120 4442 Eius
1161 4382 1319 4441 liber
1366 4382 1438 4440 de
1485 4379 1783 4440 Columna
1839 4382 2123 4458 Trajana
2171 4383 2395 4461 prodiit

341 4486 394 4527 a.
450 4470 609 4527 1683
653 4469 902 4529 Romae.
1992 4488 1997 4490 ·
