2975 5209
1536 534 1629 596 42

547 724 701 789 Feci
743 732 948 791 tamen
983 725 1150 813 quod
1182 727 1390 811 potui,
1444 733 1629 813 atque
1663 747 1808 791 ecce
1843 727 2108 812 elegiam
2144 728 2253 792 tibi
2289 728 2503 799 mitt0'’
2529 732 2597 813 ¹).

550 844 823 909 Difficile
871 853 964 909 est
995 846 1056 908 in
1082 847 1342 911 materia
1369 846 1793 931 vulgatissima
1820 848 1962 911 novi
1993 847 2227 933 aliquid
2254 848 2563 913 excudere
2594 899 2611 933 ‚

549 974 611 1029 et
679 966 888 1044 „unde
955 966 1104 1030 mihi
1174 967 1291 1029 ista
1357 966 1667 1031 scribendi
1717 967 1980 1031 felicitas
2035 968 2094 1030 in
2142 968 2260 1031 hac
2322 968 2615 1032 barbarie

552 1105 673 1170 qua
720 1087 984 1150 versor?
1033 1085 1218 1149 Adde
1269 1086 1434 1173 quod
1483 1108 1599 1150 nec
1650 1088 1865 1151 mortis
1898 1094 2172 1173 tempus,
2222 1110 2337 1152 nec
2370 1109 2598 1172 genus,
2680 1138 2691 1149 .

551 1226 665 1269 nec
726 1206 932 1269 locum
982 1206 1413 1290 significaverit
1460 1206 1795 1287 Francius,
1874 1229 2070 1294 neque
2120 1229 2374 1293 prorsus
2426 1210 2594 1294 quic-

487 1392 494 1397 ,
555 1346 739 1411 quam
791 1344 1006 1388 eorum
1059 1345 1216 1410 quac
1263 1346 1364 1389 me
1391 1327 1547 1390 scire
1576 1326 1912 1414 oportuit.''
1968 1376 2023 1391 ..
2060 1378 2073 1391 .
2129 1327 2269 1405 „Te
2316 1350 2460 1392 vero
2498 1350 2615 1414 per

552 1445 660 1528 jus
730 1444 1036 1508 amicitiae
1104 1452 1348 1545 nostrae
1419 1447 1696 1511 obtestor
1756 1456 1823 1511 ut
1890 1448 2011 1511 hoc
2060 1448 2469 1534 quodcunque
2520 1456 2617 1512 est

569 1564 854 1628 carminis
903 1573 1099 1629 totum
1147 1566 1384 1629 arbitrii
1433 1567 1520 1629 tui
1568 1567 1773 1631 facere
1825 1568 2010 1652 velis,
2073 1568 2138 1631 id
2189 1576 2307 1653 est,
2362 1575 2427 1631 ut
2462 1568 2615 1631 edas

450 1694 454 1699 “
557 1692 660 1748 aut
709 1684 1060 1769 supprimas
1109 1692 1294 1771 prout
1345 1685 1543 1748 visum
1590 1686 1775 1749 fuerit
1826 1694 1885 1751 et
1937 1708 1971 1750 e
2007 1687 2303 1771 dignitate
2339 1686 2617 1750 defuncti

559 1811 619 1868 et
669 1825 702 1868 e
750 1818 892 1867 mea
941 1804 1466 1868 existimatione.”

653 1922 1193 2008 Gertrudimontii‚
1273 1914 1352 1989 19
1406 1924 1708 1990 Februar.
1771 1928 1968 1990 1682.

1384 2062 1622 2075 QWW'JUXI
1630 2063 1676 2075 Ἀ]
1682 2062 1791 2075 ..ts-Af

1531 2140 1637 2202 29.

1174 2270 1388 2351 (loanni
1436 2270 1680 2353 (ἔθου-910
1727 2271 1967 2336 Graevio

1228 2375 1272 2438 J.
1315 2390 1424 2437 van
1470 2374 1897 2451 Broekhuizen).

859 2537 873 2551 .
942 2487 1113 2565 „Fac
1159 2510 1261 2553 me
1311 2489 1635 2553 certiorem
1685 2498 1883 2553 utrum
1938 2492 2235 2574 (carmen)
2288 2492 2609 2575 acceperis

558 2608 815 2673 necne.''
868 2660 882 2673 .
940 2658 953 2673 .
1010 2660 1022 2672 .
1081 2658 1093 2671 .

600 2764 609 2771 -
653 2728 1182 2793 Gertrudimontii.
1241 2727 1497 2792 Calend.
1549 2727 1725 2792 Mart.
1785 2731 1981 2793 1682.

1384 2864 1585 2880 *ss-INMINI*
1589 2865 1789 2881 Wssssu's.

1530 2944 1637 3005 30.

1192 3067 1381 3131 loanni
1429 3066 1675 3149 Geor-qiu
1723 3066 1965 3135 Graevio

1278 3171 1320 3234 J.
1368 3171 1430 3235 V.
1479 3170 1880 3234 Broekhuizen.

650 3284 1033 3370 Magnopere
1135 3285 1367 3369 gaudet
1479 3284 1819 3348 Graevium
1900 3304 2146 3349 carmes}
2226 3284 2602 3349 laudavisse.

561 3404 971 3487 „Habueram
1042 3405 1101 3467 in
1179 3405 1383 3469 animo
1457 3405 1669 3468 nescio
1744 3404 1889 3489 quid
1938 3404 2287 3489 grandioris
2338 3426 2607 3491 operae,

557 3526 695 3610 sed,
773 3531 838 3588 ut
906 3525 1070 3610 dixi,
1147 3524 1489 3588 intercessit
1542 3524 1873 3606 valetudO,
1952 3530 2012 3587 et
2062 3523 2241 3587 dolor
2290 3545 2476 3609 quem
2528 3546 2609 3588 cx

558 3646 776 3732 optimi
848 3645 960 3708 viri
1023 3651 1220 3707 morte
1271 3643 1448 3727 cepi,
1528 3642 1630 3727 qui
1682 3641 1929 3727 quidem
1978 3650 2147 3706 tanto
2198 3642 2312 3707 fuit
2360 3645 2603 3730 acrior,

558 3772 783 3852 quanto
843 3764 1039 3853 serius
1089 3763 1169 3827 ad
1218 3783 1398 3827 aures
1448 3782 1621 3825 meas
1671 3761 2071 3829 funestissimi
2122 3782 2301 3826 casus
2352 3762 2608 3828 nuncius

556 3884 870 3951 advenit.”
925 3934 938 3948 .
995 3934 1008 3947 .
1066 3933 1078 3946 .
1135 3933 1148 3947 .

652 4004 1253 4088 Geertruidenberg,
1310 4006 1347 4066 5
1399 4002 1605 4065 Martii
1661 4004 1859 4066 1682.

652 4122 932 4210 „Oppidi
967 4144 1189 4188 nomen
1226 4121 1551 4186 vernacule
1585 4120 1815 4204 scribO,
1861 4141 1934 4183 ne
1961 4141 2062 4183 me
2086 4120 2307 4205 iterum
2337 4143 2598 4206 quaeras
2686 4192 2693 4199 .

555 4243 997 4330 Bergizomii.''

1380 4350 1569 4367 *xxxa-ssa
1586 4353 1615 4367 α-
1682 4352 1695 4361 ’·
1765 4352 1778 4359 ⁷-

655 4442 695 4518 ¹)
785 4442 862 4501 In
891 4444 1128 4518 sunere
1173 4438 1418 4496 Nicolai
1449 4436 1695 4495 Heinsii
1724 4437 2145 4496 Literatorum
2179 4456 2249 4495 ac
2274 4438 2609 4498 Poetarum

546 4530 862 4608 principis
908 4528 1170 4606 (Pomm,
1215 4542 1352 4602 pag.
1404 4523 1529 4596 47).
